{"symbol": "ALTS", "annualReports": [{"fiscalDateEnding": "2024-12-31", "reportedCurrency": "USD", "grossProfit": "6294000", "totalRevenue": "12532000", "costOfRevenue": "6238000", "costofGoodsAndServicesSold": "6238000", "operatingIncome": "-7562000", "sellingGeneralAndAdministrative": "13856000", "researchAndDevelopment": "None", "operatingExpenses": "13856000", "investmentIncomeNet": "None", "netInterestIncome": "-879000", "interestIncome": "None", "interestExpense": "879000", "nonInterestIncome": "None", "otherNonOperatingIncome": "None", "depreciation": "None", "depreciationAndAmortization": "3432000", "incomeBeforeTax": "-9286000", "incomeTaxExpense": "-3041000", "interestAndDebtExpense": "None", "netIncomeFromContinuingOperations": "-6245000", "comprehensiveIncomeNetOfTax": "None", "ebit": "-8407000", "ebitda": "-4975000", "netIncome": "-6245000"}, {"fiscalDateEnding": "2023-12-31", "reportedCurrency": "USD", "grossProfit": "0", "totalRevenue": "0", "costOfRevenue": "0", "costofGoodsAndServicesSold": "0", "operatingIncome": "-19846000", "sellingGeneralAndAdministrative": "4746000", "researchAndDevelopment": "None", "operatingExpenses": "19846000", "investmentIncomeNet": "None", "netInterestIncome": "2250000", "interestIncome": "2250000", "interestExpense": "None", "nonInterestIncome": "None", "otherNonOperatingIncome": "None", "depreciation": "None", "depreciationAndAmortization": "1452000", "incomeBeforeTax": "-17524000", "incomeTaxExpense": "-429000", "interestAndDebtExpense": "None", "netIncomeFromContinuingOperations": "-17095000", "comprehensiveIncomeNetOfTax": "None", "ebit": "-4746000", "ebitda": "-3294000", "netIncome": "-7812000"}, {"fiscalDateEnding": "2022-12-31", "reportedCurrency": "USD", "grossProfit": "0", "totalRevenue": "0", "costOfRevenue": "0", "costofGoodsAndServicesSold": "0", "operatingIncome": "-3149000", "sellingGeneralAndAdministrative": "3149000", "researchAndDevelopment": "None", "operatingExpenses": "3149000", "investmentIncomeNet": "None", "netInterestIncome": "468000", "interestIncome": "468000", "interestExpense": "489000", "nonInterestIncome": "None", "otherNonOperatingIncome": "None", "depreciation": "None", "depreciationAndAmortization": "2000", "incomeBeforeTax": "1399000", "incomeTaxExpense": "-6621000", "interestAndDebtExpense": "None", "netIncomeFromContinuingOperations": "8020000", "comprehensiveIncomeNetOfTax": "None", "ebit": "-3149000", "ebitda": "-3147000", "netIncome": "10992000"}, {"fiscalDateEnding": "2021-12-31", "reportedCurrency": "USD", "grossProfit": "8868000", "totalRevenue": "40022000", "costOfRevenue": "31154000", "costofGoodsAndServicesSold": "31154000", "operatingIncome": "-3221000", "sellingGeneralAndAdministrative": "12089000", "researchAndDevelopment": "None", "operatingExpenses": "12089000", "investmentIncomeNet": "None", "netInterestIncome": "-773000", "interestIncome": "None", "interestExpense": "773000", "nonInterestIncome": "None", "otherNonOperatingIncome": "None", "depreciation": "None", "depreciationAndAmortization": "4168000", "incomeBeforeTax": "-3041000", "incomeTaxExpense": "273000", "interestAndDebtExpense": "None", "netIncomeFromContinuingOperations": "-3314000", "comprehensiveIncomeNetOfTax": "None", "ebit": "-2268000", "ebitda": "1900000", "netIncome": "-16887000"}, {"fiscalDateEnding": "2020-12-31", "reportedCurrency": "USD", "grossProfit": "8827000", "totalRevenue": "33867000", "costOfRevenue": "25040000", "costofGoodsAndServicesSold": "25040000", "operatingIncome": "-8996000", "sellingGeneralAndAdministrative": "17444000", "researchAndDevelopment": "None", "operatingExpenses": "17823000", "investmentIncomeNet": "None", "netInterestIncome": "-504000", "interestIncome": "None", "interestExpense": "504000", "nonInterestIncome": "None", "otherNonOperatingIncome": "None", "depreciation": "None", "depreciationAndAmortization": "4122000", "incomeBeforeTax": "-8925000", "incomeTaxExpense": "-427000", "interestAndDebtExpense": "None", "netIncomeFromContinuingOperations": "-8498000", "comprehensiveIncomeNetOfTax": "None", "ebit": "-8421000", "ebitda": "-4299000", "netIncome": "-8498000"}], "quarterlyReports": [{"fiscalDateEnding": "2025-09-30", "reportedCurrency": "USD", "grossProfit": "1723000", "totalRevenue": "7575000", "costOfRevenue": "5852000", "costofGoodsAndServicesSold": "5852000", "operatingIncome": "-16539000", "sellingGeneralAndAdministrative": "19162000", "researchAndDevelopment": "None", "operatingExpenses": "18262000", "investmentIncomeNet": "None", "netInterestIncome": "-839000", "interestIncome": "None", "interestExpense": "839000", "nonInterestIncome": "None", "otherNonOperatingIncome": "None", "depreciation": "None", "depreciationAndAmortization": "899000", "incomeBeforeTax": "58734000", "incomeTaxExpense": "12083000", "interestAndDebtExpense": "None", "netIncomeFromContinuingOperations": "46651000", "comprehensiveIncomeNetOfTax": "None", "ebit": "59573000", "ebitda": "60472000", "netIncome": "48962000"}, {"fiscalDateEnding": "2025-06-30", "reportedCurrency": "USD", "grossProfit": "2775000", "totalRevenue": "6378000", "costOfRevenue": "3603000", "costofGoodsAndServicesSold": "3603000", "operatingIncome": "-2095000", "sellingGeneralAndAdministrative": "4870000", "researchAndDevelopment": "None", "operatingExpenses": "4870000", "investmentIncomeNet": "None", "netInterestIncome": "-550000", "interestIncome": "None", "interestExpense": "550000", "nonInterestIncome": "None", "otherNonOperatingIncome": "None", "depreciation": "None", "depreciationAndAmortization": "354000", "incomeBeforeTax": "-5934000", "incomeTaxExpense": "-432000", "interestAndDebtExpense": "None", "netIncomeFromContinuingOperations": "-5502000", "comprehensiveIncomeNetOfTax": "None", "ebit": "-2095000", "ebitda": "-1741000", "netIncome": "-9115000"}, {"fiscalDateEnding": "2025-03-31", "reportedCurrency": "USD", "grossProfit": "2591000", "totalRevenue": "5514000", "costOfRevenue": "2923000", "costofGoodsAndServicesSold": "2923000", "operatingIncome": "-2170000", "sellingGeneralAndAdministrative": "4761000", "researchAndDevelopment": "None", "operatingExpenses": "4761000", "investmentIncomeNet": "None", "netInterestIncome": "-720000", "interestIncome": "None", "interestExpense": "720000", "nonInterestIncome": "None", "otherNonOperatingIncome": "None", "depreciation": "None", "depreciationAndAmortization": "1249000", "incomeBeforeTax": "-2576000", "incomeTaxExpense": "285000", "interestAndDebtExpense": "None", "netIncomeFromContinuingOperations": "-2861000", "comprehensiveIncomeNetOfTax": "None", "ebit": "-2170000", "ebitda": "-921000", "netIncome": "-2861000"}, {"fiscalDateEnding": "2024-12-31", "reportedCurrency": "USD", "grossProfit": "2835000", "totalRevenue": "5422000", "costOfRevenue": "2587000", "costofGoodsAndServicesSold": "2587000", "operatingIncome": "-1619000", "sellingGeneralAndAdministrative": "4454000", "researchAndDevelopment": "None", "operatingExpenses": "4454000", "investmentIncomeNet": "None", "netInterestIncome": "-884000", "interestIncome": "None", "interestExpense": "884000", "nonInterestIncome": "None", "otherNonOperatingIncome": "None", "depreciation": "None", "depreciationAndAmortization": "1101000", "incomeBeforeTax": "-3466000", "incomeTaxExpense": "402000", "interestAndDebtExpense": "None", "netIncomeFromContinuingOperations": "-3868000", "comprehensiveIncomeNetOfTax": "None", "ebit": "-2466000", "ebitda": "-1365000", "netIncome": "-3868000"}, {"fiscalDateEnding": "2024-09-30", "reportedCurrency": "USD", "grossProfit": "2361000", "totalRevenue": "4941000", "costOfRevenue": "2580000", "costofGoodsAndServicesSold": "2580000", "operatingIncome": "-1221000", "sellingGeneralAndAdministrative": "3582000", "researchAndDevelopment": "None", "operatingExpenses": "3582000", "investmentIncomeNet": "None", "netInterestIncome": "253000", "interestIncome": "253000", "interestExpense": "None", "nonInterestIncome": "None", "otherNonOperatingIncome": "None", "depreciation": "None", "depreciationAndAmortization": "1033000", "incomeBeforeTax": "-1339000", "incomeTaxExpense": "-517000", "interestAndDebtExpense": "None", "netIncomeFromContinuingOperations": "-822000", "comprehensiveIncomeNetOfTax": "None", "ebit": "-1221000", "ebitda": "-188000", "netIncome": "-822000"}, {"fiscalDateEnding": "2024-06-30", "reportedCurrency": "USD", "grossProfit": "1098000", "totalRevenue": "2169000", "costOfRevenue": "1071000", "costofGoodsAndServicesSold": "1071000", "operatingIncome": "-2916000", "sellingGeneralAndAdministrative": "4014000", "researchAndDevelopment": "None", "operatingExpenses": "4014000", "investmentIncomeNet": "None", "netInterestIncome": "4000", "interestIncome": "None", "interestExpense": "None", "nonInterestIncome": "None", "otherNonOperatingIncome": "None", "depreciation": "None", "depreciationAndAmortization": "661000", "incomeBeforeTax": "-2262000", "incomeTaxExpense": "-2851000", "interestAndDebtExpense": "None", "netIncomeFromContinuingOperations": "589000", "comprehensiveIncomeNetOfTax": "None", "ebit": "-2916000", "ebitda": "-2255000", "netIncome": "589000"}, {"fiscalDateEnding": "2024-03-31", "reportedCurrency": "USD", "grossProfit": "0", "totalRevenue": "0", "costOfRevenue": "0", "costofGoodsAndServicesSold": "0", "operatingIncome": "-1806000", "sellingGeneralAndAdministrative": "1806000", "researchAndDevelopment": "None", "operatingExpenses": "1806000", "investmentIncomeNet": "None", "netInterestIncome": "-252000", "interestIncome": "None", "interestExpense": "252000", "nonInterestIncome": "None", "otherNonOperatingIncome": "None", "depreciation": "None", "depreciationAndAmortization": "639000", "incomeBeforeTax": "-2219000", "incomeTaxExpense": "-75000", "interestAndDebtExpense": "None", "netIncomeFromContinuingOperations": "-2144000", "comprehensiveIncomeNetOfTax": "None", "ebit": "-1806000", "ebitda": "-1167000", "netIncome": "-2144000"}, {"fiscalDateEnding": "2023-12-31", "reportedCurrency": "USD", "grossProfit": "0", "totalRevenue": "0", "costOfRevenue": "0", "costofGoodsAndServicesSold": "0", "operatingIncome": "-16923000", "sellingGeneralAndAdministrative": "1823000", "researchAndDevelopment": "None", "operatingExpenses": "16923000", "investmentIncomeNet": "None", "netInterestIncome": "652000", "interestIncome": "652000", "interestExpense": "None", "nonInterestIncome": "None", "otherNonOperatingIncome": "None", "depreciation": "None", "depreciationAndAmortization": "362000", "incomeBeforeTax": "-16430000", "incomeTaxExpense": "-160000", "interestAndDebtExpense": "None", "netIncomeFromContinuingOperations": "-16270000", "comprehensiveIncomeNetOfTax": "None", "ebit": "-1823000", "ebitda": "-1461000", "netIncome": "-17805000"}, {"fiscalDateEnding": "2023-09-30", "reportedCurrency": "USD", "grossProfit": "0", "totalRevenue": "0", "costOfRevenue": "0", "costofGoodsAndServicesSold": "0", "operatingIncome": "-764000", "sellingGeneralAndAdministrative": "764000", "researchAndDevelopment": "None", "operatingExpenses": "764000", "investmentIncomeNet": "None", "netInterestIncome": "758000", "interestIncome": "758000", "interestExpense": "None", "nonInterestIncome": "None", "otherNonOperatingIncome": "None", "depreciation": "None", "depreciationAndAmortization": "363000", "incomeBeforeTax": "-267000", "incomeTaxExpense": "-25000", "interestAndDebtExpense": "None", "netIncomeFromContinuingOperations": "-242000", "comprehensiveIncomeNetOfTax": "None", "ebit": "-764000", "ebitda": "-401000", "netIncome": "-214000"}, {"fiscalDateEnding": "2023-06-30", "reportedCurrency": "USD", "grossProfit": "0", "totalRevenue": "0", "costOfRevenue": "0", "costofGoodsAndServicesSold": "0", "operatingIncome": "-1060000", "sellingGeneralAndAdministrative": "1060000", "researchAndDevelopment": "None", "operatingExpenses": "1060000", "investmentIncomeNet": "None", "netInterestIncome": "365000", "interestIncome": "None", "interestExpense": "None", "nonInterestIncome": "None", "otherNonOperatingIncome": "None", "depreciation": "None", "depreciationAndAmortization": "363000", "incomeBeforeTax": "62000", "incomeTaxExpense": "-17000", "interestAndDebtExpense": "None", "netIncomeFromContinuingOperations": "79000", "comprehensiveIncomeNetOfTax": "None", "ebit": "-1060000", "ebitda": "-697000", "netIncome": "123000"}]}