{"symbol": "ARQT", "annualReports": [{"fiscalDateEnding": "2024-12-31", "reportedCurrency": "USD", "grossProfit": "177414000", "totalRevenue": "196542000", "costOfRevenue": "19128000", "costofGoodsAndServicesSold": "19128000", "operatingIncome": "-128397000", "sellingGeneralAndAdministrative": "222491000", "researchAndDevelopment": "76420000", "operatingExpenses": "305811000", "investmentIncomeNet": "None", "netInterestIncome": "-27168000", "interestIncome": "None", "interestExpense": "27168000", "nonInterestIncome": "None", "otherNonOperatingIncome": "None", "depreciation": "None", "depreciationAndAmortization": "2599000", "incomeBeforeTax": "-139392000", "incomeTaxExpense": "647000", "interestAndDebtExpense": "None", "netIncomeFromContinuingOperations": "-140039000", "comprehensiveIncomeNetOfTax": "None", "ebit": "-112224000", "ebitda": "-109625000", "netIncome": "-140039000"}, {"fiscalDateEnding": "2023-12-31", "reportedCurrency": "USD", "grossProfit": "54619000", "totalRevenue": "59606000", "costOfRevenue": "4987000", "costofGoodsAndServicesSold": "4987000", "operatingIncome": "-241101000", "sellingGeneralAndAdministrative": "173494000", "researchAndDevelopment": "110575000", "operatingExpenses": "295720000", "investmentIncomeNet": "None", "netInterestIncome": "-28865000", "interestIncome": "None", "interestExpense": "29712000", "nonInterestIncome": "None", "otherNonOperatingIncome": "None", "depreciation": "None", "depreciationAndAmortization": "1881000", "incomeBeforeTax": "-259027000", "incomeTaxExpense": "3113000", "interestAndDebtExpense": "None", "netIncomeFromContinuingOperations": "-267875000", "comprehensiveIncomeNetOfTax": "None", "ebit": "-229315000", "ebitda": "-227434000", "netIncome": "-262140000"}, {"fiscalDateEnding": "2022-12-31", "reportedCurrency": "USD", "grossProfit": "2932000", "totalRevenue": "3686000", "costOfRevenue": "754000", "costofGoodsAndServicesSold": "754000", "operatingIncome": "-301627000", "sellingGeneralAndAdministrative": "122124000", "researchAndDevelopment": "182435000", "operatingExpenses": "304559000", "investmentIncomeNet": "None", "netInterestIncome": "-15652000", "interestIncome": "None", "interestExpense": "15652000", "nonInterestIncome": "None", "otherNonOperatingIncome": "None", "depreciation": "None", "depreciationAndAmortization": "1253000", "incomeBeforeTax": "-311458000", "incomeTaxExpense": "9831000", "interestAndDebtExpense": "None", "netIncomeFromContinuingOperations": "-311458000", "comprehensiveIncomeNetOfTax": "None", "ebit": "-295806000", "ebitda": "-294553000", "netIncome": "-311458000"}, {"fiscalDateEnding": "2021-12-31", "reportedCurrency": "USD", "grossProfit": "-763000", "totalRevenue": "0", "costOfRevenue": "763000", "costofGoodsAndServicesSold": "763000", "operatingIncome": "-206529000", "sellingGeneralAndAdministrative": "60971000", "researchAndDevelopment": "145558000", "operatingExpenses": "206529000", "investmentIncomeNet": "None", "netInterestIncome": "0", "interestIncome": "None", "interestExpense": "454000", "nonInterestIncome": "None", "otherNonOperatingIncome": "173000", "depreciation": "None", "depreciationAndAmortization": "454000", "incomeBeforeTax": "-206356000", "incomeTaxExpense": "-454000", "interestAndDebtExpense": "None", "netIncomeFromContinuingOperations": "-206356000", "comprehensiveIncomeNetOfTax": "None", "ebit": "-206529000", "ebitda": "-206075000", "netIncome": "-205902000"}, {"fiscalDateEnding": "2020-12-31", "reportedCurrency": "USD", "grossProfit": "-455000", "totalRevenue": "0", "costOfRevenue": "455000", "costofGoodsAndServicesSold": "455000", "operatingIncome": "-136645000", "sellingGeneralAndAdministrative": "21337000", "researchAndDevelopment": "115308000", "operatingExpenses": "136190000", "investmentIncomeNet": "None", "netInterestIncome": "0", "interestIncome": "None", "interestExpense": "0", "nonInterestIncome": "None", "otherNonOperatingIncome": "967000", "depreciation": "None", "depreciationAndAmortization": "455000", "incomeBeforeTax": "-135678000", "incomeTaxExpense": "-84297", "interestAndDebtExpense": "None", "netIncomeFromContinuingOperations": "-135678000", "comprehensiveIncomeNetOfTax": "None", "ebit": "-135678000", "ebitda": "-135223000", "netIncome": "-135678000"}, {"fiscalDateEnding": "2019-12-31", "reportedCurrency": "USD", "grossProfit": "-195000", "totalRevenue": "0", "costOfRevenue": "195000", "costofGoodsAndServicesSold": "195000", "operatingIncome": "-43132000", "sellingGeneralAndAdministrative": "6610000", "researchAndDevelopment": "36522000", "operatingExpenses": "42937000", "investmentIncomeNet": "None", "netInterestIncome": "None", "interestIncome": "None", "interestExpense": "0", "nonInterestIncome": "None", "otherNonOperatingIncome": "None", "depreciation": "None", "depreciationAndAmortization": "195000", "incomeBeforeTax": "-41996000", "incomeTaxExpense": "23140", "interestAndDebtExpense": "None", "netIncomeFromContinuingOperations": "-41996000", "comprehensiveIncomeNetOfTax": "None", "ebit": "-41996000", "ebitda": "-41801000", "netIncome": "-41996000"}, {"fiscalDateEnding": "2018-12-31", "reportedCurrency": "USD", "grossProfit": "None", "totalRevenue": "0", "costOfRevenue": "None", "costofGoodsAndServicesSold": "None", "operatingIncome": "-19735000", "sellingGeneralAndAdministrative": "1795000", "researchAndDevelopment": "17940000", "operatingExpenses": "19735000", "investmentIncomeNet": "None", "netInterestIncome": "None", "interestIncome": "None", "interestExpense": "0", "nonInterestIncome": "None", "otherNonOperatingIncome": "None", "depreciation": "None", "depreciationAndAmortization": "480000", "incomeBeforeTax": "-19255000", "incomeTaxExpense": "-480000", "interestAndDebtExpense": "None", "netIncomeFromContinuingOperations": "-19255000", "comprehensiveIncomeNetOfTax": "None", "ebit": "-19735000", "ebitda": "-19255000", "netIncome": "-19255000"}, {"fiscalDateEnding": "2017-12-31", "reportedCurrency": "USD", "grossProfit": "None", "totalRevenue": "0", "costOfRevenue": "None", "costofGoodsAndServicesSold": "None", "operatingIncome": "-4106000", "sellingGeneralAndAdministrative": "695000", "researchAndDevelopment": "3411000", "operatingExpenses": "4106000", "investmentIncomeNet": "None", "netInterestIncome": "None", "interestIncome": "None", "interestExpense": "0", "nonInterestIncome": "None", "otherNonOperatingIncome": "None", "depreciation": "None", "depreciationAndAmortization": "4106000", "incomeBeforeTax": "-4978000", "incomeTaxExpense": "-4106000", "interestAndDebtExpense": "None", "netIncomeFromContinuingOperations": "-4978000", "comprehensiveIncomeNetOfTax": "None", "ebit": "-4106000", "ebitda": "-4106000", "netIncome": "-4978000"}], "quarterlyReports": [{"fiscalDateEnding": "2025-09-30", "reportedCurrency": "USD", "grossProfit": "90534000", "totalRevenue": "99219000", "costOfRevenue": "8685000", "costofGoodsAndServicesSold": "8685000", "operatingIncome": "8526000", "sellingGeneralAndAdministrative": "62404000", "researchAndDevelopment": "19604000", "operatingExpenses": "82008000", "investmentIncomeNet": "None", "netInterestIncome": "-3071000", "interestIncome": "None", "interestExpense": "3071000", "nonInterestIncome": "None", "otherNonOperatingIncome": "None", "depreciation": "None", "depreciationAndAmortization": "562000", "incomeBeforeTax": "7490000", "incomeTaxExpense": "80000", "interestAndDebtExpense": "None", "netIncomeFromContinuingOperations": "7410000", "comprehensiveIncomeNetOfTax": "None", "ebit": "10561000", "ebitda": "11123000", "netIncome": "7410000"}, {"fiscalDateEnding": "2025-06-30", "reportedCurrency": "USD", "grossProfit": "74012000", "totalRevenue": "81504000", "costOfRevenue": "7492000", "costofGoodsAndServicesSold": "7492000", "operatingIncome": "-14611000", "sellingGeneralAndAdministrative": "69170000", "researchAndDevelopment": "19453000", "operatingExpenses": "88623000", "investmentIncomeNet": "None", "netInterestIncome": "-3029000", "interestIncome": "None", "interestExpense": "3029000", "nonInterestIncome": "None", "otherNonOperatingIncome": "None", "depreciation": "None", "depreciationAndAmortization": "563000", "incomeBeforeTax": "-15544000", "incomeTaxExpense": "342000", "interestAndDebtExpense": "None", "netIncomeFromContinuingOperations": "-15886000", "comprehensiveIncomeNetOfTax": "None", "ebit": "-12515000", "ebitda": "-11952000", "netIncome": "-15886000"}, {"fiscalDateEnding": "2025-03-31", "reportedCurrency": "USD", "grossProfit": "57016000", "totalRevenue": "65846000", "costOfRevenue": "8830000", "costofGoodsAndServicesSold": "8830000", "operatingIncome": "-24529000", "sellingGeneralAndAdministrative": "64002000", "researchAndDevelopment": "17543000", "operatingExpenses": "81545000", "investmentIncomeNet": "None", "netInterestIncome": "-2982000", "interestIncome": "None", "interestExpense": "2982000", "nonInterestIncome": "None", "otherNonOperatingIncome": "None", "depreciation": "None", "depreciationAndAmortization": "3132000", "incomeBeforeTax": "-24781000", "incomeTaxExpense": "279000", "interestAndDebtExpense": "None", "netIncomeFromContinuingOperations": "-25060000", "comprehensiveIncomeNetOfTax": "None", "ebit": "-21799000", "ebitda": "-18667000", "netIncome": "-25060000"}, {"fiscalDateEnding": "2024-12-31", "reportedCurrency": "USD", "grossProfit": "64455000", "totalRevenue": "71360000", "costOfRevenue": "6905000", "costofGoodsAndServicesSold": "6905000", "operatingIncome": "-7632000", "sellingGeneralAndAdministrative": "57607000", "researchAndDevelopment": "14480000", "operatingExpenses": "72087000", "investmentIncomeNet": "None", "netInterestIncome": "-5551000", "interestIncome": "None", "interestExpense": "5551000", "nonInterestIncome": "None", "otherNonOperatingIncome": "None", "depreciation": "None", "depreciationAndAmortization": "458000", "incomeBeforeTax": "-10465000", "incomeTaxExpense": "323000", "interestAndDebtExpense": "None", "netIncomeFromContinuingOperations": "-10788000", "comprehensiveIncomeNetOfTax": "None", "ebit": "-4914000", "ebitda": "-4456000", "netIncome": "-10788000"}, {"fiscalDateEnding": "2024-09-30", "reportedCurrency": "USD", "grossProfit": "39252000", "totalRevenue": "44755000", "costOfRevenue": "5503000", "costofGoodsAndServicesSold": "5503000", "operatingIncome": "-39066000", "sellingGeneralAndAdministrative": "58817000", "researchAndDevelopment": "19501000", "operatingExpenses": "78318000", "investmentIncomeNet": "None", "netInterestIncome": "-6653000", "interestIncome": "None", "interestExpense": "6653000", "nonInterestIncome": "None", "otherNonOperatingIncome": "None", "depreciation": "None", "depreciationAndAmortization": "1432000", "incomeBeforeTax": "-41537000", "incomeTaxExpense": "None", "interestAndDebtExpense": "None", "netIncomeFromContinuingOperations": "-41537000", "comprehensiveIncomeNetOfTax": "None", "ebit": "-34884000", "ebitda": "-33452000", "netIncome": "-41537000"}, {"fiscalDateEnding": "2024-06-30", "reportedCurrency": "USD", "grossProfit": "27394000", "totalRevenue": "30858000", "costOfRevenue": "3464000", "costofGoodsAndServicesSold": "3464000", "operatingIncome": "-50077000", "sellingGeneralAndAdministrative": "58173000", "researchAndDevelopment": "19298000", "operatingExpenses": "77471000", "investmentIncomeNet": "None", "netInterestIncome": "-7484000", "interestIncome": "None", "interestExpense": "7484000", "nonInterestIncome": "None", "otherNonOperatingIncome": "None", "depreciation": "None", "depreciationAndAmortization": "351000", "incomeBeforeTax": "-52332000", "incomeTaxExpense": "324000", "interestAndDebtExpense": "None", "netIncomeFromContinuingOperations": "-52332000", "comprehensiveIncomeNetOfTax": "None", "ebit": "-44848000", "ebitda": "-44497000", "netIncome": "-52332000"}, {"fiscalDateEnding": "2024-03-31", "reportedCurrency": "USD", "grossProfit": "46313000", "totalRevenue": "49569000", "costOfRevenue": "3256000", "costofGoodsAndServicesSold": "3256000", "operatingIncome": "-31622000", "sellingGeneralAndAdministrative": "54794000", "researchAndDevelopment": "23141000", "operatingExpenses": "77935000", "investmentIncomeNet": "None", "netInterestIncome": "-7480000", "interestIncome": "None", "interestExpense": "7480000", "nonInterestIncome": "None", "otherNonOperatingIncome": "None", "depreciation": "None", "depreciationAndAmortization": "358000", "incomeBeforeTax": "-35058000", "incomeTaxExpense": "324000", "interestAndDebtExpense": "None", "netIncomeFromContinuingOperations": "-35382000", "comprehensiveIncomeNetOfTax": "None", "ebit": "-27578000", "ebitda": "-27220000", "netIncome": "-35382000"}, {"fiscalDateEnding": "2023-12-31", "reportedCurrency": "USD", "grossProfit": "11280000", "totalRevenue": "13526000", "costOfRevenue": "2246000", "costofGoodsAndServicesSold": "2246000", "operatingIncome": "-61169000", "sellingGeneralAndAdministrative": "136471000", "researchAndDevelopment": "23775000", "operatingExpenses": "72449000", "investmentIncomeNet": "None", "netInterestIncome": "-7762000", "interestIncome": "None", "interestExpense": "7762000", "nonInterestIncome": "None", "otherNonOperatingIncome": "None", "depreciation": "None", "depreciationAndAmortization": "385000", "incomeBeforeTax": "-66259000", "incomeTaxExpense": "25000", "interestAndDebtExpense": "None", "netIncomeFromContinuingOperations": "-66284000", "comprehensiveIncomeNetOfTax": "None", "ebit": "-58497000", "ebitda": "-58112000", "netIncome": "-66284000"}, {"fiscalDateEnding": "2023-09-30", "reportedCurrency": "USD", "grossProfit": "36927000", "totalRevenue": "38109000", "costOfRevenue": "1182000", "costofGoodsAndServicesSold": "1182000", "operatingIncome": "-36904000", "sellingGeneralAndAdministrative": "47595000", "researchAndDevelopment": "26236000", "operatingExpenses": "73831000", "investmentIncomeNet": "None", "netInterestIncome": "-7559000", "interestIncome": "None", "interestExpense": "7559000", "nonInterestIncome": "None", "otherNonOperatingIncome": "None", "depreciation": "None", "depreciationAndAmortization": "387000", "incomeBeforeTax": "-41742000", "incomeTaxExpense": "3023000", "interestAndDebtExpense": "None", "netIncomeFromContinuingOperations": "-44765000", "comprehensiveIncomeNetOfTax": "None", "ebit": "-34183000", "ebitda": "-33796000", "netIncome": "-44765000"}, {"fiscalDateEnding": "2023-06-30", "reportedCurrency": "USD", "grossProfit": "4414000", "totalRevenue": "5190000", "costOfRevenue": "776000", "costofGoodsAndServicesSold": "776000", "operatingIncome": "-66763000", "sellingGeneralAndAdministrative": "45958000", "researchAndDevelopment": "25219000", "operatingExpenses": "71177000", "investmentIncomeNet": "None", "netInterestIncome": "-7349000", "interestIncome": "None", "interestExpense": "7349000", "nonInterestIncome": "None", "otherNonOperatingIncome": "3121000", "depreciation": "None", "depreciationAndAmortization": "474000", "incomeBeforeTax": "-70991000", "incomeTaxExpense": "10084000", "interestAndDebtExpense": "None", "netIncomeFromContinuingOperations": "-70991000", "comprehensiveIncomeNetOfTax": "None", "ebit": "-63730000", "ebitda": "-63256000", "netIncome": "-70991000"}, {"fiscalDateEnding": "2023-03-31", "reportedCurrency": "USD", "grossProfit": "1998000", "totalRevenue": "2781000", "costOfRevenue": "783000", "costofGoodsAndServicesSold": "783000", "operatingIncome": "-76265000", "sellingGeneralAndAdministrative": "5791000", "researchAndDevelopment": "35345000", "operatingExpenses": "78263000", "investmentIncomeNet": "None", "netInterestIncome": "-7042000", "interestIncome": "None", "interestExpense": "7042000", "nonInterestIncome": "None", "otherNonOperatingIncome": "3207000", "depreciation": "None", "depreciationAndAmortization": "363000", "incomeBeforeTax": "-80100000", "incomeTaxExpense": "-363000", "interestAndDebtExpense": "None", "netIncomeFromContinuingOperations": "-80100000", "comprehensiveIncomeNetOfTax": "None", "ebit": "-73058000", "ebitda": "-72695000", "netIncome": "-79737000"}, {"fiscalDateEnding": "2022-12-31", "reportedCurrency": "USD", "grossProfit": "2476000", "totalRevenue": "2961000", "costOfRevenue": "485000", "costofGoodsAndServicesSold": "485000", "operatingIncome": "-68424000", "sellingGeneralAndAdministrative": "49628000", "researchAndDevelopment": "33877000", "operatingExpenses": "70900000", "investmentIncomeNet": "None", "netInterestIncome": "-6915000", "interestIncome": "None", "interestExpense": "6915000", "nonInterestIncome": "None", "otherNonOperatingIncome": "None", "depreciation": "None", "depreciationAndAmortization": "347000", "incomeBeforeTax": "-72019000", "incomeTaxExpense": "3595000", "interestAndDebtExpense": "None", "netIncomeFromContinuingOperations": "-72019000", "comprehensiveIncomeNetOfTax": "None", "ebit": "-65104000", "ebitda": "-64757000", "netIncome": "-72019000"}, {"fiscalDateEnding": "2022-09-30", "reportedCurrency": "USD", "grossProfit": "456000", "totalRevenue": "725000", "costOfRevenue": "269000", "costofGoodsAndServicesSold": "269000", "operatingIncome": "-104748000", "sellingGeneralAndAdministrative": "35473000", "researchAndDevelopment": "69731000", "operatingExpenses": "105204000", "investmentIncomeNet": "None", "netInterestIncome": "-4899000", "interestIncome": "None", "interestExpense": "4899000", "nonInterestIncome": "None", "otherNonOperatingIncome": "1938000", "depreciation": "None", "depreciationAndAmortization": "236000", "incomeBeforeTax": "-107709000", "incomeTaxExpense": "2961000", "interestAndDebtExpense": "None", "netIncomeFromContinuingOperations": "-107709000", "comprehensiveIncomeNetOfTax": "None", "ebit": "-102810000", "ebitda": "-102574000", "netIncome": "-107709000"}, {"fiscalDateEnding": "2022-06-30", "reportedCurrency": "USD", "grossProfit": "-234000", "totalRevenue": "0", "costOfRevenue": "234000", "costofGoodsAndServicesSold": "234000", "operatingIncome": "-65827000", "sellingGeneralAndAdministrative": "27622000", "researchAndDevelopment": "38205000", "operatingExpenses": "65593000", "investmentIncomeNet": "None", "netInterestIncome": "-2000000", "interestIncome": "None", "interestExpense": "2000000", "nonInterestIncome": "None", "otherNonOperatingIncome": "421000", "depreciation": "None", "depreciationAndAmortization": "234000", "incomeBeforeTax": "-67406000", "incomeTaxExpense": "1579000", "interestAndDebtExpense": "None", "netIncomeFromContinuingOperations": "-67406000", "comprehensiveIncomeNetOfTax": "None", "ebit": "-65406000", "ebitda": "-65172000", "netIncome": "-67406000"}, {"fiscalDateEnding": "2022-03-31", "reportedCurrency": "USD", "grossProfit": "-229000", "totalRevenue": "0", "costOfRevenue": "229000", "costofGoodsAndServicesSold": "229000", "operatingIncome": "-62628000", "sellingGeneralAndAdministrative": "22006000", "researchAndDevelopment": "40622000", "operatingExpenses": "62399000", "investmentIncomeNet": "None", "netInterestIncome": "-1838000", "interestIncome": "None", "interestExpense": "1838000", "nonInterestIncome": "None", "otherNonOperatingIncome": "142000", "depreciation": "None", "depreciationAndAmortization": "229000", "incomeBeforeTax": "-64324000", "incomeTaxExpense": "1696000", "interestAndDebtExpense": "None", "netIncomeFromContinuingOperations": "-64324000", "comprehensiveIncomeNetOfTax": "None", "ebit": "-62486000", "ebitda": "-62257000", "netIncome": "-64324000"}, {"fiscalDateEnding": "2021-12-31", "reportedCurrency": "USD", "grossProfit": "-211000", "totalRevenue": "0", "costOfRevenue": "211000", "costofGoodsAndServicesSold": "211000", "operatingIncome": "-71286000", "sellingGeneralAndAdministrative": "18728000", "researchAndDevelopment": "52558000", "operatingExpenses": "71286000", "investmentIncomeNet": "None", "netInterestIncome": "None", "interestIncome": "None", "interestExpense": "None", "nonInterestIncome": "None", "otherNonOperatingIncome": "-40000", "depreciation": "None", "depreciationAndAmortization": "211000", "incomeBeforeTax": "-71326000", "incomeTaxExpense": "-136000", "interestAndDebtExpense": "None", "netIncomeFromContinuingOperations": "-71326000", "comprehensiveIncomeNetOfTax": "None", "ebit": "-71326000", "ebitda": "-71115000", "netIncome": "-71326000"}, {"fiscalDateEnding": "2021-09-30", "reportedCurrency": "USD", "grossProfit": "-192000", "totalRevenue": "0", "costOfRevenue": "192000", "costofGoodsAndServicesSold": "192000", "operatingIncome": "-57078000", "sellingGeneralAndAdministrative": "16474000", "researchAndDevelopment": "40604000", "operatingExpenses": "57078000", "investmentIncomeNet": "None", "netInterestIncome": "None", "interestIncome": "None", "interestExpense": "None", "nonInterestIncome": "None", "otherNonOperatingIncome": "98000", "depreciation": "None", "depreciationAndAmortization": "192000", "incomeBeforeTax": "-56980000", "incomeTaxExpense": "-76000", "interestAndDebtExpense": "None", "netIncomeFromContinuingOperations": "-56980000", "comprehensiveIncomeNetOfTax": "None", "ebit": "-56980000", "ebitda": "-56788000", "netIncome": "-56980000"}, {"fiscalDateEnding": "2021-06-30", "reportedCurrency": "USD", "grossProfit": "-182000", "totalRevenue": "0", "costOfRevenue": "182000", "costofGoodsAndServicesSold": "182000", "operatingIncome": "-42080000", "sellingGeneralAndAdministrative": "11315000", "researchAndDevelopment": "30765000", "operatingExpenses": "42080000", "investmentIncomeNet": "None", "netInterestIncome": "None", "interestIncome": "None", "interestExpense": "None", "nonInterestIncome": "None", "otherNonOperatingIncome": "72000", "depreciation": "None", "depreciationAndAmortization": "104000", "incomeBeforeTax": "-42008000", "incomeTaxExpense": "-78000", "interestAndDebtExpense": "None", "netIncomeFromContinuingOperations": "-42008000", "comprehensiveIncomeNetOfTax": "None", "ebit": "-42008000", "ebitda": "-41904000", "netIncome": "-42008000"}, {"fiscalDateEnding": "2021-03-31", "reportedCurrency": "USD", "grossProfit": "-178000", "totalRevenue": "0", "costOfRevenue": "178000", "costofGoodsAndServicesSold": "178000", "operatingIncome": "-36085000", "sellingGeneralAndAdministrative": "14454000", "researchAndDevelopment": "21631000", "operatingExpenses": "36085000", "investmentIncomeNet": "None", "netInterestIncome": "None", "interestIncome": "None", "interestExpense": "None", "nonInterestIncome": "None", "otherNonOperatingIncome": "43000", "depreciation": "None", "depreciationAndAmortization": "98000", "incomeBeforeTax": "-36042000", "incomeTaxExpense": "-98000", "interestAndDebtExpense": "None", "netIncomeFromContinuingOperations": "-36042000", "comprehensiveIncomeNetOfTax": "None", "ebit": "-36042000", "ebitda": "-35944000", "netIncome": "-36042000"}, {"fiscalDateEnding": "2020-12-31", "reportedCurrency": "USD", "grossProfit": "-166000", "totalRevenue": "0", "costOfRevenue": "166000", "costofGoodsAndServicesSold": "166000", "operatingIncome": "-34064000", "sellingGeneralAndAdministrative": "6690000", "researchAndDevelopment": "27374000", "operatingExpenses": "34064000", "investmentIncomeNet": "None", "netInterestIncome": "None", "interestIncome": "None", "interestExpense": "None", "nonInterestIncome": "None", "otherNonOperatingIncome": "None", "depreciation": "None", "depreciationAndAmortization": "35000", "incomeBeforeTax": "-34049000", "incomeTaxExpense": "-131000", "interestAndDebtExpense": "None", "netIncomeFromContinuingOperations": "-34049000", "comprehensiveIncomeNetOfTax": "None", "ebit": "-34064000", "ebitda": "-34029000", "netIncome": "-34049000"}, {"fiscalDateEnding": "2020-09-30", "reportedCurrency": "USD", "grossProfit": "None", "totalRevenue": "0", "costOfRevenue": "None", "costofGoodsAndServicesSold": "None", "operatingIncome": "-38303000", "sellingGeneralAndAdministrative": "5560000", "researchAndDevelopment": "32743000", "operatingExpenses": "38303000", "investmentIncomeNet": "None", "netInterestIncome": "None", "interestIncome": "None", "interestExpense": "None", "nonInterestIncome": "None", "otherNonOperatingIncome": "None", "depreciation": "None", "depreciationAndAmortization": "30000", "incomeBeforeTax": "-38204000", "incomeTaxExpense": "None", "interestAndDebtExpense": "None", "netIncomeFromContinuingOperations": "-38204000", "comprehensiveIncomeNetOfTax": "None", "ebit": "-38303000", "ebitda": "-38273000", "netIncome": "-38204000"}, {"fiscalDateEnding": "2020-06-30", "reportedCurrency": "USD", "grossProfit": "-57000", "totalRevenue": "0", "costOfRevenue": "57000", "costofGoodsAndServicesSold": "57000", "operatingIncome": "-35627000", "sellingGeneralAndAdministrative": "5618000", "researchAndDevelopment": "30009000", "operatingExpenses": "35570000", "investmentIncomeNet": "None", "netInterestIncome": "None", "interestIncome": "None", "interestExpense": "None", "nonInterestIncome": "None", "otherNonOperatingIncome": "None", "depreciation": "None", "depreciationAndAmortization": "57000", "incomeBeforeTax": "-35412000", "incomeTaxExpense": "8000", "interestAndDebtExpense": "None", "netIncomeFromContinuingOperations": "-35412000", "comprehensiveIncomeNetOfTax": "None", "ebit": "-35412000", "ebitda": "-35355000", "netIncome": "-35412000"}, {"fiscalDateEnding": "2020-03-31", "reportedCurrency": "USD", "grossProfit": "-65000", "totalRevenue": "0", "costOfRevenue": "65000", "costofGoodsAndServicesSold": "65000", "operatingIncome": "-28651000", "sellingGeneralAndAdministrative": "3469000", "researchAndDevelopment": "25182000", "operatingExpenses": "28586000", "investmentIncomeNet": "None", "netInterestIncome": "None", "interestIncome": "None", "interestExpense": "None", "nonInterestIncome": "None", "otherNonOperatingIncome": "None", "depreciation": "None", "depreciationAndAmortization": "65000", "incomeBeforeTax": "-28013000", "incomeTaxExpense": "None", "interestAndDebtExpense": "None", "netIncomeFromContinuingOperations": "-28013000", "comprehensiveIncomeNetOfTax": "None", "ebit": "-28013000", "ebitda": "-27948000", "netIncome": "-28013000"}, {"fiscalDateEnding": "2019-12-31", "reportedCurrency": "USD", "grossProfit": "-60000", "totalRevenue": "0", "costOfRevenue": "60000", "costofGoodsAndServicesSold": "60000", "operatingIncome": "-12994000", "sellingGeneralAndAdministrative": "2237000", "researchAndDevelopment": "10757000", "operatingExpenses": "12934000", "investmentIncomeNet": "None", "netInterestIncome": "None", "interestIncome": "None", "interestExpense": "None", "nonInterestIncome": "None", "otherNonOperatingIncome": "None", "depreciation": "None", "depreciationAndAmortization": "60000", "incomeBeforeTax": "-12568000", "incomeTaxExpense": "None", "interestAndDebtExpense": "None", "netIncomeFromContinuingOperations": "-12568000", "comprehensiveIncomeNetOfTax": "None", "ebit": "-12568000", "ebitda": "-12508000", "netIncome": "-12568000"}, {"fiscalDateEnding": "2019-09-30", "reportedCurrency": "USD", "grossProfit": "None", "totalRevenue": "0", "costOfRevenue": "None", "costofGoodsAndServicesSold": "None", "operatingIncome": "-14648000", "sellingGeneralAndAdministrative": "2300000", "researchAndDevelopment": "12348000", "operatingExpenses": "14648000", "investmentIncomeNet": "None", "netInterestIncome": "None", "interestIncome": "None", "interestExpense": "542000", "nonInterestIncome": "None", "otherNonOperatingIncome": "None", "depreciation": "None", "depreciationAndAmortization": "19000", "incomeBeforeTax": "-14480000", "incomeTaxExpense": "None", "interestAndDebtExpense": "None", "netIncomeFromContinuingOperations": "-14480000", "comprehensiveIncomeNetOfTax": "None", "ebit": "-14648000", "ebitda": "-14629000", "netIncome": "-14480000"}, {"fiscalDateEnding": "2019-06-30", "reportedCurrency": "USD", "grossProfit": "None", "totalRevenue": "0", "costOfRevenue": "None", "costofGoodsAndServicesSold": "None", "operatingIncome": "-8538000", "sellingGeneralAndAdministrative": "1324000", "researchAndDevelopment": "7214000", "operatingExpenses": "8538000", "investmentIncomeNet": "None", "netInterestIncome": "None", "interestIncome": "None", "interestExpense": "542000", "nonInterestIncome": "None", "otherNonOperatingIncome": "None", "depreciation": "None", "depreciationAndAmortization": "1000", "incomeBeforeTax": "-8290000", "incomeTaxExpense": "None", "interestAndDebtExpense": "None", "netIncomeFromContinuingOperations": "-8290000", "comprehensiveIncomeNetOfTax": "None", "ebit": "-8538000", "ebitda": "-8537000", "netIncome": "-8290000"}, {"fiscalDateEnding": "2019-03-31", "reportedCurrency": "USD", "grossProfit": "None", "totalRevenue": "0", "costOfRevenue": "None", "costofGoodsAndServicesSold": "None", "operatingIncome": "-6952000", "sellingGeneralAndAdministrative": "749000", "researchAndDevelopment": "6203000", "operatingExpenses": "6952000", "investmentIncomeNet": "None", "netInterestIncome": "None", "interestIncome": "None", "interestExpense": "542000", "nonInterestIncome": "None", "otherNonOperatingIncome": "None", "depreciation": "None", "depreciationAndAmortization": "24000", "incomeBeforeTax": "-6658000", "incomeTaxExpense": "None", "interestAndDebtExpense": "None", "netIncomeFromContinuingOperations": "-6658000", "comprehensiveIncomeNetOfTax": "None", "ebit": "-6952000", "ebitda": "-6928000", "netIncome": "-6658000"}, {"fiscalDateEnding": "2018-12-31", "reportedCurrency": "USD", "grossProfit": "None", "totalRevenue": "None", "costOfRevenue": "None", "costofGoodsAndServicesSold": "None", "operatingIncome": "-5953000", "sellingGeneralAndAdministrative": "606000", "researchAndDevelopment": "5347000", "operatingExpenses": "5953000", "investmentIncomeNet": "None", "netInterestIncome": "None", "interestIncome": "None", "interestExpense": "None", "nonInterestIncome": "None", "otherNonOperatingIncome": "None", "depreciation": "None", "depreciationAndAmortization": "5953000", "incomeBeforeTax": "-5601000", "incomeTaxExpense": "-5953000", "interestAndDebtExpense": "None", "netIncomeFromContinuingOperations": "None", "comprehensiveIncomeNetOfTax": "None", "ebit": "-11906000", "ebitda": "-5953000", "netIncome": "-5601000"}, {"fiscalDateEnding": "2018-09-30", "reportedCurrency": "USD", "grossProfit": "None", "totalRevenue": "None", "costOfRevenue": "None", "costofGoodsAndServicesSold": "None", "operatingIncome": "-7695000", "sellingGeneralAndAdministrative": "614000", "researchAndDevelopment": "7081000", "operatingExpenses": "7642000", "investmentIncomeNet": "None", "netInterestIncome": "None", "interestIncome": "None", "interestExpense": "33000", "nonInterestIncome": "None", "otherNonOperatingIncome": "None", "depreciation": "None", "depreciationAndAmortization": "7695000", "incomeBeforeTax": "-7675000", "incomeTaxExpense": "20000", "interestAndDebtExpense": "None", "netIncomeFromContinuingOperations": "-7675000", "comprehensiveIncomeNetOfTax": "None", "ebit": "-7675000", "ebitda": "20000", "netIncome": "-7675000"}, {"fiscalDateEnding": "2018-06-30", "reportedCurrency": "USD", "grossProfit": "None", "totalRevenue": "None", "costOfRevenue": "None", "costofGoodsAndServicesSold": "None", "operatingIncome": "-3043000", "sellingGeneralAndAdministrative": "287500", "researchAndDevelopment": "2756000", "operatingExpenses": "3006000", "investmentIncomeNet": "None", "netInterestIncome": "None", "interestIncome": "None", "interestExpense": "None", "nonInterestIncome": "None", "otherNonOperatingIncome": "None", "depreciation": "None", "depreciationAndAmortization": "3044000", "incomeBeforeTax": "-2989000", "incomeTaxExpense": "54000", "interestAndDebtExpense": "None", "netIncomeFromContinuingOperations": "None", "comprehensiveIncomeNetOfTax": "None", "ebit": "-2990000", "ebitda": "54000", "netIncome": "-2989000"}, {"fiscalDateEnding": "2018-03-31", "reportedCurrency": "None", "grossProfit": "None", "totalRevenue": "None", "costOfRevenue": "None", "costofGoodsAndServicesSold": "None", "operatingIncome": "-3043000", "sellingGeneralAndAdministrative": "287500", "researchAndDevelopment": "2756000", "operatingExpenses": "3006000", "investmentIncomeNet": "None", "netInterestIncome": "None", "interestIncome": "None", "interestExpense": "None", "nonInterestIncome": "None", "otherNonOperatingIncome": "None", "depreciation": "None", "depreciationAndAmortization": "3044000", "incomeBeforeTax": "-2989000", "incomeTaxExpense": "54000", "interestAndDebtExpense": "None", "netIncomeFromContinuingOperations": "None", "comprehensiveIncomeNetOfTax": "None", "ebit": "-2990000", "ebitda": "54000", "netIncome": "-2989000"}]}