{"symbol": "ACHV", "annualReports": [{"fiscalDateEnding": "2024-12-31", "reportedCurrency": "USD", "grossProfit": "-229000", "totalRevenue": "0", "costOfRevenue": "229000", "costofGoodsAndServicesSold": "229000", "operatingIncome": "-39069000", "sellingGeneralAndAdministrative": "16252000", "researchAndDevelopment": "22817000", "operatingExpenses": "38840000", "investmentIncomeNet": "None", "netInterestIncome": "176000", "interestIncome": "2356000", "interestExpense": "2180000", "nonInterestIncome": "None", "otherNonOperatingIncome": "None", "depreciation": "None", "depreciationAndAmortization": "229000", "incomeBeforeTax": "-39827000", "incomeTaxExpense": "-39827000", "interestAndDebtExpense": "None", "netIncomeFromContinuingOperations": "-39827000", "comprehensiveIncomeNetOfTax": "None", "ebit": "-37647000", "ebitda": "-37418000", "netIncome": "-39827000"}, {"fiscalDateEnding": "2023-12-31", "reportedCurrency": "USD", "grossProfit": "-228000", "totalRevenue": "0", "costOfRevenue": "228000", "costofGoodsAndServicesSold": "228000", "operatingIncome": "-27250000", "sellingGeneralAndAdministrative": "11436000", "researchAndDevelopment": "15814000", "operatingExpenses": "27250000", "investmentIncomeNet": "None", "netInterestIncome": "-1878000", "interestIncome": "735000", "interestExpense": "2853000", "nonInterestIncome": "None", "otherNonOperatingIncome": "None", "depreciation": "None", "depreciationAndAmortization": "228000", "incomeBeforeTax": "-29815000", "incomeTaxExpense": "None", "interestAndDebtExpense": "None", "netIncomeFromContinuingOperations": "-35571000", "comprehensiveIncomeNetOfTax": "None", "ebit": "-26962000", "ebitda": "-26734000", "netIncome": "-29815000"}, {"fiscalDateEnding": "2022-12-31", "reportedCurrency": "USD", "grossProfit": "-236000", "totalRevenue": "0", "costOfRevenue": "236000", "costofGoodsAndServicesSold": "236000", "operatingIncome": "-40800000", "sellingGeneralAndAdministrative": "10722000", "researchAndDevelopment": "30078000", "operatingExpenses": "40800000", "investmentIncomeNet": "None", "netInterestIncome": "-1590000", "interestIncome": "199000", "interestExpense": "1789000", "nonInterestIncome": "None", "otherNonOperatingIncome": "239000", "depreciation": "None", "depreciationAndAmortization": "236000", "incomeBeforeTax": "-42350000", "incomeTaxExpense": "-475000", "interestAndDebtExpense": "None", "netIncomeFromContinuingOperations": "-42350000", "comprehensiveIncomeNetOfTax": "None", "ebit": "-40800000", "ebitda": "-40564000", "netIncome": "-41875000"}, {"fiscalDateEnding": "2021-12-31", "reportedCurrency": "USD", "grossProfit": "-250000", "totalRevenue": "0", "costOfRevenue": "250000", "costofGoodsAndServicesSold": "250000", "operatingIncome": "-33094000", "sellingGeneralAndAdministrative": "9128000", "researchAndDevelopment": "23966000", "operatingExpenses": "33094000", "investmentIncomeNet": "None", "netInterestIncome": "17000", "interestIncome": "17000", "interestExpense": "17000", "nonInterestIncome": "None", "otherNonOperatingIncome": "None", "depreciation": "None", "depreciationAndAmortization": "250000", "incomeBeforeTax": "-33152000", "incomeTaxExpense": "-250000", "interestAndDebtExpense": "None", "netIncomeFromContinuingOperations": "-33152000", "comprehensiveIncomeNetOfTax": "None", "ebit": "-33094000", "ebitda": "-32844000", "netIncome": "-32902000"}, {"fiscalDateEnding": "2020-12-31", "reportedCurrency": "USD", "grossProfit": "-255000", "totalRevenue": "0", "costOfRevenue": "255000", "costofGoodsAndServicesSold": "255000", "operatingIncome": "-14750000", "sellingGeneralAndAdministrative": "7868000", "researchAndDevelopment": "6882000", "operatingExpenses": "14495000", "investmentIncomeNet": "None", "netInterestIncome": "69000", "interestIncome": "69000", "interestExpense": "69000", "nonInterestIncome": "None", "otherNonOperatingIncome": "20000", "depreciation": "None", "depreciationAndAmortization": "255000", "incomeBeforeTax": "-14730000", "incomeTaxExpense": "-69000", "interestAndDebtExpense": "None", "netIncomeFromContinuingOperations": "-14730000", "comprehensiveIncomeNetOfTax": "None", "ebit": "-14730000", "ebitda": "-14475000", "netIncome": "-14661000"}, {"fiscalDateEnding": "2019-12-31", "reportedCurrency": "USD", "grossProfit": "-254000", "totalRevenue": "0", "costOfRevenue": "254000", "costofGoodsAndServicesSold": "254000", "operatingIncome": "-16528000", "sellingGeneralAndAdministrative": "6854000", "researchAndDevelopment": "9674000", "operatingExpenses": "16528000", "investmentIncomeNet": "None", "netInterestIncome": "170000", "interestIncome": "170000", "interestExpense": "0", "nonInterestIncome": "None", "otherNonOperatingIncome": "133000", "depreciation": "None", "depreciationAndAmortization": "254000", "incomeBeforeTax": "-16395000", "incomeTaxExpense": "-254000", "interestAndDebtExpense": "None", "netIncomeFromContinuingOperations": "-16395000", "comprehensiveIncomeNetOfTax": "None", "ebit": "-16528000", "ebitda": "-16274000", "netIncome": "-16141000"}, {"fiscalDateEnding": "2018-12-31", "reportedCurrency": "USD", "grossProfit": "-282000", "totalRevenue": "0", "costOfRevenue": "282000", "costofGoodsAndServicesSold": "282000", "operatingIncome": "-12813000", "sellingGeneralAndAdministrative": "6945000", "researchAndDevelopment": "5868000", "operatingExpenses": "12813000", "investmentIncomeNet": "None", "netInterestIncome": "171000", "interestIncome": "171000", "interestExpense": "0", "nonInterestIncome": "None", "otherNonOperatingIncome": "126000", "depreciation": "None", "depreciationAndAmortization": "282000", "incomeBeforeTax": "-12687000", "incomeTaxExpense": "-126000", "interestAndDebtExpense": "None", "netIncomeFromContinuingOperations": "-12687000", "comprehensiveIncomeNetOfTax": "None", "ebit": "-12813000", "ebitda": "-12531000", "netIncome": "-12687000"}, {"fiscalDateEnding": "2017-12-31", "reportedCurrency": "USD", "grossProfit": "-282000", "totalRevenue": "0", "costOfRevenue": "282000", "costofGoodsAndServicesSold": "282000", "operatingIncome": "-6632000", "sellingGeneralAndAdministrative": "3531000", "researchAndDevelopment": "3101000", "operatingExpenses": "6632000", "investmentIncomeNet": "None", "netInterestIncome": "21000", "interestIncome": "21000", "interestExpense": "0", "nonInterestIncome": "None", "otherNonOperatingIncome": "-7002000", "depreciation": "None", "depreciationAndAmortization": "282000", "incomeBeforeTax": "-13634000", "incomeTaxExpense": "-3051000", "interestAndDebtExpense": "None", "netIncomeFromContinuingOperations": "-10583000", "comprehensiveIncomeNetOfTax": "None", "ebit": "-13634000", "ebitda": "-13352000", "netIncome": "-10583000"}, {"fiscalDateEnding": "2016-12-31", "reportedCurrency": "USD", "grossProfit": "5062000", "totalRevenue": "5062000", "costOfRevenue": "0", "costofGoodsAndServicesSold": "0", "operatingIncome": "-21192000", "sellingGeneralAndAdministrative": "8933000", "researchAndDevelopment": "14788000", "operatingExpenses": "23721000", "investmentIncomeNet": "None", "netInterestIncome": "203000", "interestIncome": "203000", "interestExpense": "0", "nonInterestIncome": "None", "otherNonOperatingIncome": "1063000", "depreciation": "None", "depreciationAndAmortization": "188000", "incomeBeforeTax": "-20129000", "incomeTaxExpense": "-1063000", "interestAndDebtExpense": "None", "netIncomeFromContinuingOperations": "-20129000", "comprehensiveIncomeNetOfTax": "None", "ebit": "-20129000", "ebitda": "-19941000", "netIncome": "-20129000"}, {"fiscalDateEnding": "2015-12-31", "reportedCurrency": "USD", "grossProfit": "18160000", "totalRevenue": "18160000", "costOfRevenue": "0", "costofGoodsAndServicesSold": "0", "operatingIncome": "-18753000", "sellingGeneralAndAdministrative": "11805000", "researchAndDevelopment": "25108000", "operatingExpenses": "36913000", "investmentIncomeNet": "None", "netInterestIncome": "None", "interestIncome": "119000", "interestExpense": "0", "nonInterestIncome": "None", "otherNonOperatingIncome": "1952000", "depreciation": "None", "depreciationAndAmortization": "244000", "incomeBeforeTax": "-16801000", "incomeTaxExpense": "-1952000", "interestAndDebtExpense": "None", "netIncomeFromContinuingOperations": "-16801000", "comprehensiveIncomeNetOfTax": "None", "ebit": "-18753000", "ebitda": "-18509000", "netIncome": "-16801000"}, {"fiscalDateEnding": "2014-12-31", "reportedCurrency": "USD", "grossProfit": "27116000", "totalRevenue": "27116000", "costOfRevenue": "0", "costofGoodsAndServicesSold": "0", "operatingIncome": "-29466000", "sellingGeneralAndAdministrative": "10625000", "researchAndDevelopment": "46224000", "operatingExpenses": "56849000", "investmentIncomeNet": "None", "netInterestIncome": "None", "interestIncome": "None", "interestExpense": "531000", "nonInterestIncome": "None", "otherNonOperatingIncome": "3226000", "depreciation": "None", "depreciationAndAmortization": "223000", "incomeBeforeTax": "-26240000", "incomeTaxExpense": "-3493000", "interestAndDebtExpense": "None", "netIncomeFromContinuingOperations": "-26240000", "comprehensiveIncomeNetOfTax": "None", "ebit": "-26240000", "ebitda": "-26017000", "netIncome": "-26240000"}, {"fiscalDateEnding": "2013-12-31", "reportedCurrency": "USD", "grossProfit": "29882000", "totalRevenue": "29882000", "costOfRevenue": "0", "costofGoodsAndServicesSold": "0", "operatingIncome": "-35327000", "sellingGeneralAndAdministrative": "9892000", "researchAndDevelopment": "55317000", "operatingExpenses": "65209000", "investmentIncomeNet": "None", "netInterestIncome": "None", "interestIncome": "None", "interestExpense": "0", "nonInterestIncome": "None", "otherNonOperatingIncome": "3478000", "depreciation": "None", "depreciationAndAmortization": "227000", "incomeBeforeTax": "-31849000", "incomeTaxExpense": "-3478000", "interestAndDebtExpense": "None", "netIncomeFromContinuingOperations": "-31849000", "comprehensiveIncomeNetOfTax": "None", "ebit": "-31849000", "ebitda": "-31622000", "netIncome": "-31849000"}, {"fiscalDateEnding": "2012-12-31", "reportedCurrency": "USD", "grossProfit": "20095000", "totalRevenue": "20095000", "costOfRevenue": "39950000", "costofGoodsAndServicesSold": "39950000", "operatingIncome": "-25987000", "sellingGeneralAndAdministrative": "7791000", "researchAndDevelopment": "39948000", "operatingExpenses": "47739000", "investmentIncomeNet": "None", "netInterestIncome": "None", "interestIncome": "None", "interestExpense": "0", "nonInterestIncome": "None", "otherNonOperatingIncome": "4889000", "depreciation": "None", "depreciationAndAmortization": "100000", "incomeBeforeTax": "-21098000", "incomeTaxExpense": "-6546000", "interestAndDebtExpense": "None", "netIncomeFromContinuingOperations": "-21098000", "comprehensiveIncomeNetOfTax": "None", "ebit": "-21098000", "ebitda": "-20998000", "netIncome": "-21098000"}, {"fiscalDateEnding": "2011-12-31", "reportedCurrency": "USD", "grossProfit": "5496000", "totalRevenue": "5496000", "costOfRevenue": "21550000", "costofGoodsAndServicesSold": "21550000", "operatingIncome": "-22287000", "sellingGeneralAndAdministrative": "6230000", "researchAndDevelopment": "21553000", "operatingExpenses": "27783000", "investmentIncomeNet": "None", "netInterestIncome": "None", "interestIncome": "None", "interestExpense": "0", "nonInterestIncome": "None", "otherNonOperatingIncome": "7614000", "depreciation": "None", "depreciationAndAmortization": "75000", "incomeBeforeTax": "-14673000", "incomeTaxExpense": "-7614000", "interestAndDebtExpense": "None", "netIncomeFromContinuingOperations": "-14673000", "comprehensiveIncomeNetOfTax": "None", "ebit": "-22287000", "ebitda": "-22212000", "netIncome": "-14673000"}, {"fiscalDateEnding": "2010-12-31", "reportedCurrency": "USD", "grossProfit": "13616000", "totalRevenue": "13616000", "costOfRevenue": "18480000", "costofGoodsAndServicesSold": "18480000", "operatingIncome": "-14745000", "sellingGeneralAndAdministrative": "5840000", "researchAndDevelopment": "18483000", "operatingExpenses": "24323000", "investmentIncomeNet": "None", "netInterestIncome": "None", "interestIncome": "None", "interestExpense": "1027000", "nonInterestIncome": "None", "otherNonOperatingIncome": "None", "depreciation": "None", "depreciationAndAmortization": "52000", "incomeBeforeTax": "-15584000", "incomeTaxExpense": "-3000000", "interestAndDebtExpense": "None", "netIncomeFromContinuingOperations": "None", "comprehensiveIncomeNetOfTax": "None", "ebit": "-15584000", "ebitda": "-15532000", "netIncome": "-12584000"}, {"fiscalDateEnding": "2009-12-31", "reportedCurrency": "USD", "grossProfit": "25539000", "totalRevenue": "25539000", "costOfRevenue": "20210000", "costofGoodsAndServicesSold": "20210000", "operatingIncome": "-2465000", "sellingGeneralAndAdministrative": "3961000", "researchAndDevelopment": "24160000", "operatingExpenses": "28121000", "investmentIncomeNet": "None", "netInterestIncome": "None", "interestIncome": "None", "interestExpense": "0", "nonInterestIncome": "None", "otherNonOperatingIncome": "None", "depreciation": "None", "depreciationAndAmortization": "50000", "incomeBeforeTax": "-2465000", "incomeTaxExpense": "3011000", "interestAndDebtExpense": "None", "netIncomeFromContinuingOperations": "None", "comprehensiveIncomeNetOfTax": "None", "ebit": "1369000", "ebitda": "1419000", "netIncome": "5476000"}, {"fiscalDateEnding": "2008-12-31", "reportedCurrency": "USD", "grossProfit": "20131000", "totalRevenue": "20131000", "costOfRevenue": "7820000", "costofGoodsAndServicesSold": "7820000", "operatingIncome": "-6263000", "sellingGeneralAndAdministrative": "3293000", "researchAndDevelopment": "7819000", "operatingExpenses": "11112000", "investmentIncomeNet": "None", "netInterestIncome": "None", "interestIncome": "None", "interestExpense": "0", "nonInterestIncome": "None", "otherNonOperatingIncome": "None", "depreciation": "None", "depreciationAndAmortization": "89000", "incomeBeforeTax": "-10691000", "incomeTaxExpense": "-2059000", "interestAndDebtExpense": "None", "netIncomeFromContinuingOperations": "None", "comprehensiveIncomeNetOfTax": "None", "ebit": "-10691000", "ebitda": "-10602000", "netIncome": "-4204000"}, {"fiscalDateEnding": "2007-12-31", "reportedCurrency": "USD", "grossProfit": "20130663", "totalRevenue": "20130663", "costOfRevenue": "4140000", "costofGoodsAndServicesSold": "4140000", "operatingIncome": "-15234952", "sellingGeneralAndAdministrative": "8218890000", "researchAndDevelopment": "27146725", "operatingExpenses": "35365615", "investmentIncomeNet": "None", "netInterestIncome": "None", "interestIncome": "None", "interestExpense": "434", "nonInterestIncome": "None", "otherNonOperatingIncome": "None", "depreciation": "None", "depreciationAndAmortization": "655689", "incomeBeforeTax": "-15360303", "incomeTaxExpense": "-2171784", "interestAndDebtExpense": "None", "netIncomeFromContinuingOperations": "None", "comprehensiveIncomeNetOfTax": "None", "ebit": "-13062733", "ebitda": "-12407044", "netIncome": "-13063168"}, {"fiscalDateEnding": "2006-12-31", "reportedCurrency": "USD", "grossProfit": "22391858", "totalRevenue": "22391858", "costOfRevenue": "7970000", "costofGoodsAndServicesSold": "7970000", "operatingIncome": "-26286694", "sellingGeneralAndAdministrative": "7576276000", "researchAndDevelopment": "41102276", "operatingExpenses": "48678552", "investmentIncomeNet": "None", "netInterestIncome": "None", "interestIncome": "None", "interestExpense": "2984", "nonInterestIncome": "None", "otherNonOperatingIncome": "None", "depreciation": "None", "depreciationAndAmortization": "609615", "incomeBeforeTax": "-26399184", "incomeTaxExpense": "-2735398", "interestAndDebtExpense": "None", "netIncomeFromContinuingOperations": "None", "comprehensiveIncomeNetOfTax": "None", "ebit": "-23548312", "ebitda": "-22938697", "netIncome": "-23551296"}, {"fiscalDateEnding": "2005-12-31", "reportedCurrency": "USD", "grossProfit": "8254483", "totalRevenue": "8254483", "costOfRevenue": "24490000", "costofGoodsAndServicesSold": "24490000", "operatingIncome": "-21809219", "sellingGeneralAndAdministrative": "5570051000", "researchAndDevelopment": "24493651", "operatingExpenses": "30063702", "investmentIncomeNet": "None", "netInterestIncome": "None", "interestIncome": "None", "interestExpense": "6824", "nonInterestIncome": "None", "otherNonOperatingIncome": "None", "depreciation": "None", "depreciationAndAmortization": "586156", "incomeBeforeTax": "-21805059", "incomeTaxExpense": "-712202", "interestAndDebtExpense": "None", "netIncomeFromContinuingOperations": "None", "comprehensiveIncomeNetOfTax": "None", "ebit": "-21083524", "ebitda": "-20497368", "netIncome": "-21097017"}], "quarterlyReports": [{"fiscalDateEnding": "2025-09-30", "reportedCurrency": "USD", "grossProfit": "None", "totalRevenue": "0", "costOfRevenue": "None", "costofGoodsAndServicesSold": "None", "operatingIncome": "-14692000", "sellingGeneralAndAdministrative": "9372000", "researchAndDevelopment": "5320000", "operatingExpenses": "14692000", "investmentIncomeNet": "None", "netInterestIncome": "362000", "interestIncome": "554000", "interestExpense": "192000", "nonInterestIncome": "None", "otherNonOperatingIncome": "None", "depreciation": "None", "depreciationAndAmortization": "55000", "incomeBeforeTax": "-14441000", "incomeTaxExpense": "None", "interestAndDebtExpense": "None", "netIncomeFromContinuingOperations": "-14441000", "comprehensiveIncomeNetOfTax": "None", "ebit": "-14249000", "ebitda": "-14194000", "netIncome": "-14441000"}, {"fiscalDateEnding": "2025-06-30", "reportedCurrency": "USD", "grossProfit": "-55000", "totalRevenue": "0", "costOfRevenue": "55000", "costofGoodsAndServicesSold": "55000", "operatingIncome": "-12563000", "sellingGeneralAndAdministrative": "5856000", "researchAndDevelopment": "6707000", "operatingExpenses": "12563000", "investmentIncomeNet": "None", "netInterestIncome": "1000", "interestIncome": "192000", "interestExpense": "191000", "nonInterestIncome": "None", "otherNonOperatingIncome": "None", "depreciation": "None", "depreciationAndAmortization": "55000", "incomeBeforeTax": "-12718000", "incomeTaxExpense": "None", "interestAndDebtExpense": "None", "netIncomeFromContinuingOperations": "-12718000", "comprehensiveIncomeNetOfTax": "None", "ebit": "-12527000", "ebitda": "-12472000", "netIncome": "-12718000"}, {"fiscalDateEnding": "2025-03-31", "reportedCurrency": "USD", "grossProfit": "-62000", "totalRevenue": "0", "costOfRevenue": "62000", "costofGoodsAndServicesSold": "62000", "operatingIncome": "-12894000", "sellingGeneralAndAdministrative": "5797000", "researchAndDevelopment": "7097000", "operatingExpenses": "12894000", "investmentIncomeNet": "None", "netInterestIncome": "137000", "interestIncome": "322000", "interestExpense": "185000", "nonInterestIncome": "None", "otherNonOperatingIncome": "None", "depreciation": "None", "depreciationAndAmortization": "62000", "incomeBeforeTax": "-12827000", "incomeTaxExpense": "None", "interestAndDebtExpense": "None", "netIncomeFromContinuingOperations": "-12827000", "comprehensiveIncomeNetOfTax": "None", "ebit": "-12642000", "ebitda": "-12580000", "netIncome": "-12827000"}, {"fiscalDateEnding": "2024-12-31", "reportedCurrency": "USD", "grossProfit": "114000", "totalRevenue": "228000", "costOfRevenue": "None", "costofGoodsAndServicesSold": "None", "operatingIncome": "-12190000", "sellingGeneralAndAdministrative": "4894000", "researchAndDevelopment": "7296000", "operatingExpenses": "12190000", "investmentIncomeNet": "None", "netInterestIncome": "285000", "interestIncome": "482000", "interestExpense": "197000", "nonInterestIncome": "None", "otherNonOperatingIncome": "None", "depreciation": "None", "depreciationAndAmortization": "58000", "incomeBeforeTax": "-12360000", "incomeTaxExpense": "None", "interestAndDebtExpense": "None", "netIncomeFromContinuingOperations": "-12360000", "comprehensiveIncomeNetOfTax": "None", "ebit": "-12163000", "ebitda": "-12105000", "netIncome": "-12360000"}, {"fiscalDateEnding": "2024-09-30", "reportedCurrency": "USD", "grossProfit": "-57000", "totalRevenue": "0", "costOfRevenue": "57000", "costofGoodsAndServicesSold": "57000", "operatingIncome": "-12466000", "sellingGeneralAndAdministrative": "4857000", "researchAndDevelopment": "7609000", "operatingExpenses": "12466000", "investmentIncomeNet": "None", "netInterestIncome": "307000", "interestIncome": "673000", "interestExpense": "366000", "nonInterestIncome": "None", "otherNonOperatingIncome": "None", "depreciation": "None", "depreciationAndAmortization": "57000", "incomeBeforeTax": "-12512000", "incomeTaxExpense": "None", "interestAndDebtExpense": "None", "netIncomeFromContinuingOperations": "-12512000", "comprehensiveIncomeNetOfTax": "None", "ebit": "-12146000", "ebitda": "-12089000", "netIncome": "-12512000"}, {"fiscalDateEnding": "2024-06-30", "reportedCurrency": "USD", "grossProfit": "-57000", "totalRevenue": "0", "costOfRevenue": "57000", "costofGoodsAndServicesSold": "57000", "operatingIncome": "-8431000", "sellingGeneralAndAdministrative": "3318000", "researchAndDevelopment": "5113000", "operatingExpenses": "8431000", "investmentIncomeNet": "None", "netInterestIncome": "29000", "interestIncome": "833000", "interestExpense": "804000", "nonInterestIncome": "None", "otherNonOperatingIncome": "None", "depreciation": "None", "depreciationAndAmortization": "57000", "incomeBeforeTax": "-8461000", "incomeTaxExpense": "-87000", "interestAndDebtExpense": "None", "netIncomeFromContinuingOperations": "-8461000", "comprehensiveIncomeNetOfTax": "None", "ebit": "-7657000", "ebitda": "-7600000", "netIncome": "-8461000"}, {"fiscalDateEnding": "2024-03-31", "reportedCurrency": "USD", "grossProfit": "-57000", "totalRevenue": "0", "costOfRevenue": "57000", "costofGoodsAndServicesSold": "57000", "operatingIncome": "-5982000", "sellingGeneralAndAdministrative": "3183000", "researchAndDevelopment": "2799000", "operatingExpenses": "5982000", "investmentIncomeNet": "None", "netInterestIncome": "-445000", "interestIncome": "368000", "interestExpense": "813000", "nonInterestIncome": "None", "otherNonOperatingIncome": "None", "depreciation": "None", "depreciationAndAmortization": "57000", "incomeBeforeTax": "-6494000", "incomeTaxExpense": "13724", "interestAndDebtExpense": "None", "netIncomeFromContinuingOperations": "-6494000", "comprehensiveIncomeNetOfTax": "None", "ebit": "-5681000", "ebitda": "-5624000", "netIncome": "-6494000"}, {"fiscalDateEnding": "2023-12-31", "reportedCurrency": "USD", "grossProfit": "-57000", "totalRevenue": "0", "costOfRevenue": "57000", "costofGoodsAndServicesSold": "57000", "operatingIncome": "-4386000", "sellingGeneralAndAdministrative": "2272000", "researchAndDevelopment": "2114000", "operatingExpenses": "4386000", "investmentIncomeNet": "None", "netInterestIncome": "-579000", "interestIncome": "208000", "interestExpense": "787000", "nonInterestIncome": "None", "otherNonOperatingIncome": "None", "depreciation": "None", "depreciationAndAmortization": "57000", "incomeBeforeTax": "-5476000", "incomeTaxExpense": "13188", "interestAndDebtExpense": "None", "netIncomeFromContinuingOperations": "-5476000", "comprehensiveIncomeNetOfTax": "None", "ebit": "-4689000", "ebitda": "-4632000", "netIncome": "-5476000"}, {"fiscalDateEnding": "2023-09-30", "reportedCurrency": "USD", "grossProfit": "-100000", "totalRevenue": "0", "costOfRevenue": "100000", "costofGoodsAndServicesSold": "100000", "operatingIncome": "-6572000", "sellingGeneralAndAdministrative": "2991000", "researchAndDevelopment": "3581000", "operatingExpenses": "6472000", "investmentIncomeNet": "None", "netInterestIncome": "-519000", "interestIncome": "262000", "interestExpense": "781000", "nonInterestIncome": "None", "otherNonOperatingIncome": "None", "depreciation": "None", "depreciationAndAmortization": "100000", "incomeBeforeTax": "-7108000", "incomeTaxExpense": "461000", "interestAndDebtExpense": "None", "netIncomeFromContinuingOperations": "-7108000", "comprehensiveIncomeNetOfTax": "None", "ebit": "-6327000", "ebitda": "-6227000", "netIncome": "-7108000"}, {"fiscalDateEnding": "2023-06-30", "reportedCurrency": "USD", "grossProfit": "-100000", "totalRevenue": "0", "costOfRevenue": "100000", "costofGoodsAndServicesSold": "100000", "operatingIncome": "-7714000", "sellingGeneralAndAdministrative": "3129000", "researchAndDevelopment": "4585000", "operatingExpenses": "7714000", "investmentIncomeNet": "None", "netInterestIncome": "-519000", "interestIncome": "193000", "interestExpense": "712000", "nonInterestIncome": "None", "otherNonOperatingIncome": "None", "depreciation": "None", "depreciationAndAmortization": "55000", "incomeBeforeTax": "-8239000", "incomeTaxExpense": "-55000", "interestAndDebtExpense": "None", "netIncomeFromContinuingOperations": "-8239000", "comprehensiveIncomeNetOfTax": "None", "ebit": "-7527000", "ebitda": "-7472000", "netIncome": "-8239000"}, {"fiscalDateEnding": "2023-03-31", "reportedCurrency": "USD", "grossProfit": "-65000", "totalRevenue": "0", "costOfRevenue": "65000", "costofGoodsAndServicesSold": "65000", "operatingIncome": "-8578000", "sellingGeneralAndAdministrative": "3044000", "researchAndDevelopment": "5534000", "operatingExpenses": "8578000", "investmentIncomeNet": "None", "netInterestIncome": "-411000", "interestIncome": "162000", "interestExpense": "573000", "nonInterestIncome": "None", "otherNonOperatingIncome": "159000", "depreciation": "None", "depreciationAndAmortization": "58000", "incomeBeforeTax": "-8992000", "incomeTaxExpense": "-242000", "interestAndDebtExpense": "None", "netIncomeFromContinuingOperations": "-8992000", "comprehensiveIncomeNetOfTax": "None", "ebit": "-8419000", "ebitda": "-8361000", "netIncome": "-8992000"}, {"fiscalDateEnding": "2022-12-31", "reportedCurrency": "USD", "grossProfit": "-65000", "totalRevenue": "0", "costOfRevenue": "65000", "costofGoodsAndServicesSold": "65000", "operatingIncome": "-10862000", "sellingGeneralAndAdministrative": "2248000", "researchAndDevelopment": "8614000", "operatingExpenses": "10862000", "investmentIncomeNet": "None", "netInterestIncome": "-429000", "interestIncome": "118000", "interestExpense": "547000", "nonInterestIncome": "None", "otherNonOperatingIncome": "None", "depreciation": "None", "depreciationAndAmortization": "65000", "incomeBeforeTax": "-11232000", "incomeTaxExpense": "-242000", "interestAndDebtExpense": "None", "netIncomeFromContinuingOperations": "-11232000", "comprehensiveIncomeNetOfTax": "None", "ebit": "-10927000", "ebitda": "-10862000", "netIncome": "-10990000"}, {"fiscalDateEnding": "2022-09-30", "reportedCurrency": "USD", "grossProfit": "-55000", "totalRevenue": "0", "costOfRevenue": "55000", "costofGoodsAndServicesSold": "55000", "operatingIncome": "-12639000", "sellingGeneralAndAdministrative": "2770000", "researchAndDevelopment": "9869000", "operatingExpenses": "12639000", "investmentIncomeNet": "None", "netInterestIncome": "-408000", "interestIncome": "73000", "interestExpense": "481000", "nonInterestIncome": "None", "otherNonOperatingIncome": "None", "depreciation": "None", "depreciationAndAmortization": "55000", "incomeBeforeTax": "-13077000", "incomeTaxExpense": "481000", "interestAndDebtExpense": "None", "netIncomeFromContinuingOperations": "-13077000", "comprehensiveIncomeNetOfTax": "None", "ebit": "-12596000", "ebitda": "-12541000", "netIncome": "-13077000"}, {"fiscalDateEnding": "2022-06-30", "reportedCurrency": "USD", "grossProfit": "-56000", "totalRevenue": "0", "costOfRevenue": "56000", "costofGoodsAndServicesSold": "56000", "operatingIncome": "-10073000", "sellingGeneralAndAdministrative": "2866000", "researchAndDevelopment": "7207000", "operatingExpenses": "10073000", "investmentIncomeNet": "None", "netInterestIncome": "-400000", "interestIncome": "4000", "interestExpense": "404000", "nonInterestIncome": "None", "otherNonOperatingIncome": "None", "depreciation": "None", "depreciationAndAmortization": "56000", "incomeBeforeTax": "-10468000", "incomeTaxExpense": "404000", "interestAndDebtExpense": "None", "netIncomeFromContinuingOperations": "-10468000", "comprehensiveIncomeNetOfTax": "None", "ebit": "-10064000", "ebitda": "-10008000", "netIncome": "-10468000"}, {"fiscalDateEnding": "2022-03-31", "reportedCurrency": "USD", "grossProfit": "-60000", "totalRevenue": "0", "costOfRevenue": "60000", "costofGoodsAndServicesSold": "60000", "operatingIncome": "-7226000", "sellingGeneralAndAdministrative": "2838000", "researchAndDevelopment": "4388000", "operatingExpenses": "7226000", "investmentIncomeNet": "None", "netInterestIncome": "-353000", "interestIncome": "4000", "interestExpense": "357000", "nonInterestIncome": "None", "otherNonOperatingIncome": "None", "depreciation": "None", "depreciationAndAmortization": "60000", "incomeBeforeTax": "-7573000", "incomeTaxExpense": "347000", "interestAndDebtExpense": "None", "netIncomeFromContinuingOperations": "-7573000", "comprehensiveIncomeNetOfTax": "None", "ebit": "-7216000", "ebitda": "-7156000", "netIncome": "-7573000"}, {"fiscalDateEnding": "2021-12-31", "reportedCurrency": "USD", "grossProfit": "-62000", "totalRevenue": "0", "costOfRevenue": "62000", "costofGoodsAndServicesSold": "62000", "operatingIncome": "-7115000", "sellingGeneralAndAdministrative": "2609000", "researchAndDevelopment": "4506000", "operatingExpenses": "7115000", "investmentIncomeNet": "None", "netInterestIncome": "3000", "interestIncome": "3000", "interestExpense": "3000", "nonInterestIncome": "None", "otherNonOperatingIncome": "None", "depreciation": "None", "depreciationAndAmortization": "62000", "incomeBeforeTax": "-7151000", "incomeTaxExpense": "36000", "interestAndDebtExpense": "None", "netIncomeFromContinuingOperations": "-7151000", "comprehensiveIncomeNetOfTax": "None", "ebit": "-7115000", "ebitda": "-7053000", "netIncome": "-7151000"}, {"fiscalDateEnding": "2021-09-30", "reportedCurrency": "USD", "grossProfit": "-61000", "totalRevenue": "0", "costOfRevenue": "61000", "costofGoodsAndServicesSold": "61000", "operatingIncome": "-6693000", "sellingGeneralAndAdministrative": "2102000", "researchAndDevelopment": "4591000", "operatingExpenses": "6693000", "investmentIncomeNet": "None", "netInterestIncome": "3000", "interestIncome": "3000", "interestExpense": "3000", "nonInterestIncome": "None", "otherNonOperatingIncome": "None", "depreciation": "None", "depreciationAndAmortization": "61000", "incomeBeforeTax": "-6691000", "incomeTaxExpense": "-3000", "interestAndDebtExpense": "None", "netIncomeFromContinuingOperations": "-6691000", "comprehensiveIncomeNetOfTax": "None", "ebit": "-6691000", "ebitda": "-6630000", "netIncome": "-6691000"}, {"fiscalDateEnding": "2021-06-30", "reportedCurrency": "USD", "grossProfit": "-63000", "totalRevenue": "0", "costOfRevenue": "63000", "costofGoodsAndServicesSold": "63000", "operatingIncome": "-11302000", "sellingGeneralAndAdministrative": "2075000", "researchAndDevelopment": "9227000", "operatingExpenses": "11302000", "investmentIncomeNet": "None", "netInterestIncome": "3000", "interestIncome": "3000", "interestExpense": "3000", "nonInterestIncome": "None", "otherNonOperatingIncome": "-9000", "depreciation": "None", "depreciationAndAmortization": "63000", "incomeBeforeTax": "-11311000", "incomeTaxExpense": "-3000", "interestAndDebtExpense": "None", "netIncomeFromContinuingOperations": "-11311000", "comprehensiveIncomeNetOfTax": "None", "ebit": "-11311000", "ebitda": "-11248000", "netIncome": "-11311000"}, {"fiscalDateEnding": "2021-03-31", "reportedCurrency": "USD", "grossProfit": "-64000", "totalRevenue": "0", "costOfRevenue": "64000", "costofGoodsAndServicesSold": "64000", "operatingIncome": "-7984000", "sellingGeneralAndAdministrative": "2342000", "researchAndDevelopment": "5642000", "operatingExpenses": "7984000", "investmentIncomeNet": "None", "netInterestIncome": "8000", "interestIncome": "8000", "interestExpense": "8000", "nonInterestIncome": "None", "otherNonOperatingIncome": "-15000", "depreciation": "None", "depreciationAndAmortization": "64000", "incomeBeforeTax": "-7999000", "incomeTaxExpense": "-8000", "interestAndDebtExpense": "None", "netIncomeFromContinuingOperations": "-7999000", "comprehensiveIncomeNetOfTax": "None", "ebit": "-7999000", "ebitda": "-7935000", "netIncome": "-7999000"}, {"fiscalDateEnding": "2020-12-31", "reportedCurrency": "USD", "grossProfit": "None", "totalRevenue": "0", "costOfRevenue": "None", "costofGoodsAndServicesSold": "None", "operatingIncome": "-4721000", "sellingGeneralAndAdministrative": "2374000", "researchAndDevelopment": "2347000", "operatingExpenses": "4721000", "investmentIncomeNet": "None", "netInterestIncome": "22000", "interestIncome": "22000", "interestExpense": "22000", "nonInterestIncome": "None", "otherNonOperatingIncome": "-3000", "depreciation": "None", "depreciationAndAmortization": "64000", "incomeBeforeTax": "-4724000", "incomeTaxExpense": "-22000", "interestAndDebtExpense": "None", "netIncomeFromContinuingOperations": "-4724000", "comprehensiveIncomeNetOfTax": "None", "ebit": "-4721000", "ebitda": "-4657000", "netIncome": "-4724000"}, {"fiscalDateEnding": "2020-09-30", "reportedCurrency": "USD", "grossProfit": "None", "totalRevenue": "0", "costOfRevenue": "None", "costofGoodsAndServicesSold": "None", "operatingIncome": "-3754000", "sellingGeneralAndAdministrative": "1863000", "researchAndDevelopment": "1891000", "operatingExpenses": "3754000", "investmentIncomeNet": "None", "netInterestIncome": "2000", "interestIncome": "2000", "interestExpense": "2000", "nonInterestIncome": "None", "otherNonOperatingIncome": "-10000", "depreciation": "None", "depreciationAndAmortization": "65000", "incomeBeforeTax": "-3764000", "incomeTaxExpense": "-2000", "interestAndDebtExpense": "None", "netIncomeFromContinuingOperations": "-3764000", "comprehensiveIncomeNetOfTax": "None", "ebit": "-3754000", "ebitda": "-3689000", "netIncome": "-3764000"}, {"fiscalDateEnding": "2020-06-30", "reportedCurrency": "USD", "grossProfit": "None", "totalRevenue": "0", "costOfRevenue": "None", "costofGoodsAndServicesSold": "None", "operatingIncome": "-2918000", "sellingGeneralAndAdministrative": "1815000", "researchAndDevelopment": "1103000", "operatingExpenses": "2918000", "investmentIncomeNet": "None", "netInterestIncome": "3000", "interestIncome": "3000", "interestExpense": "3000", "nonInterestIncome": "None", "otherNonOperatingIncome": "-4000", "depreciation": "None", "depreciationAndAmortization": "65000", "incomeBeforeTax": "-2922000", "incomeTaxExpense": "-3000", "interestAndDebtExpense": "None", "netIncomeFromContinuingOperations": "-2922000", "comprehensiveIncomeNetOfTax": "None", "ebit": "-2918000", "ebitda": "-2853000", "netIncome": "-2922000"}, {"fiscalDateEnding": "2020-03-31", "reportedCurrency": "USD", "grossProfit": "None", "totalRevenue": "0", "costOfRevenue": "None", "costofGoodsAndServicesSold": "None", "operatingIncome": "-3357000", "sellingGeneralAndAdministrative": "1816000", "researchAndDevelopment": "1541000", "operatingExpenses": "3357000", "investmentIncomeNet": "None", "netInterestIncome": "42000", "interestIncome": "42000", "interestExpense": "42000", "nonInterestIncome": "None", "otherNonOperatingIncome": "37000", "depreciation": "None", "depreciationAndAmortization": "61000", "incomeBeforeTax": "-3320000", "incomeTaxExpense": "-42000", "interestAndDebtExpense": "None", "netIncomeFromContinuingOperations": "-3320000", "comprehensiveIncomeNetOfTax": "None", "ebit": "-3357000", "ebitda": "-3296000", "netIncome": "-3320000"}, {"fiscalDateEnding": "2019-12-31", "reportedCurrency": "USD", "grossProfit": "None", "totalRevenue": "0", "costOfRevenue": "None", "costofGoodsAndServicesSold": "None", "operatingIncome": "-3209000", "sellingGeneralAndAdministrative": "1446000", "researchAndDevelopment": "1763000", "operatingExpenses": "3209000", "investmentIncomeNet": "None", "netInterestIncome": "27000", "interestIncome": "27000", "interestExpense": "27000", "nonInterestIncome": "None", "otherNonOperatingIncome": "15000", "depreciation": "None", "depreciationAndAmortization": "62000", "incomeBeforeTax": "-3194000", "incomeTaxExpense": "-15000", "interestAndDebtExpense": "None", "netIncomeFromContinuingOperations": "-3194000", "comprehensiveIncomeNetOfTax": "None", "ebit": "-3209000", "ebitda": "-3147000", "netIncome": "-3194000"}, {"fiscalDateEnding": "2019-09-30", "reportedCurrency": "USD", "grossProfit": "None", "totalRevenue": "0", "costOfRevenue": "None", "costofGoodsAndServicesSold": "None", "operatingIncome": "-3673000", "sellingGeneralAndAdministrative": "1893000", "researchAndDevelopment": "1824000", "operatingExpenses": "3717000", "investmentIncomeNet": "None", "netInterestIncome": "40000", "interestIncome": "40000", "interestExpense": "40000", "nonInterestIncome": "None", "otherNonOperatingIncome": "44000", "depreciation": "None", "depreciationAndAmortization": "62000", "incomeBeforeTax": "-3673000", "incomeTaxExpense": "-40000", "interestAndDebtExpense": "None", "netIncomeFromContinuingOperations": "-3673000", "comprehensiveIncomeNetOfTax": "None", "ebit": "-3717000", "ebitda": "-3655000", "netIncome": "-3673000"}, {"fiscalDateEnding": "2019-06-30", "reportedCurrency": "USD", "grossProfit": "None", "totalRevenue": "0", "costOfRevenue": "None", "costofGoodsAndServicesSold": "None", "operatingIncome": "-3624000", "sellingGeneralAndAdministrative": "1630000", "researchAndDevelopment": "2032000", "operatingExpenses": "3662000", "investmentIncomeNet": "None", "netInterestIncome": "41000", "interestIncome": "41000", "interestExpense": "41000", "nonInterestIncome": "None", "otherNonOperatingIncome": "38000", "depreciation": "None", "depreciationAndAmortization": "65000", "incomeBeforeTax": "-3624000", "incomeTaxExpense": "-41000", "interestAndDebtExpense": "None", "netIncomeFromContinuingOperations": "-3624000", "comprehensiveIncomeNetOfTax": "None", "ebit": "-3662000", "ebitda": "-3597000", "netIncome": "-3624000"}, {"fiscalDateEnding": "2019-03-31", "reportedCurrency": "USD", "grossProfit": "None", "totalRevenue": "0", "costOfRevenue": "None", "costofGoodsAndServicesSold": "None", "operatingIncome": "-5904000", "sellingGeneralAndAdministrative": "1885000", "researchAndDevelopment": "4055000", "operatingExpenses": "5940000", "investmentIncomeNet": "None", "netInterestIncome": "62000", "interestIncome": "62000", "interestExpense": "62000", "nonInterestIncome": "None", "otherNonOperatingIncome": "36000", "depreciation": "None", "depreciationAndAmortization": "65000", "incomeBeforeTax": "-5904000", "incomeTaxExpense": "-62000", "interestAndDebtExpense": "None", "netIncomeFromContinuingOperations": "-5904000", "comprehensiveIncomeNetOfTax": "None", "ebit": "-5940000", "ebitda": "-5875000", "netIncome": "-5904000"}, {"fiscalDateEnding": "2018-12-31", "reportedCurrency": "USD", "grossProfit": "0", "totalRevenue": "0", "costOfRevenue": "0", "costofGoodsAndServicesSold": "0", "operatingIncome": "-3709000", "sellingGeneralAndAdministrative": "1628000", "researchAndDevelopment": "2081000", "operatingExpenses": "3709000", "investmentIncomeNet": "None", "netInterestIncome": "None", "interestIncome": "None", "interestExpense": "83000", "nonInterestIncome": "None", "otherNonOperatingIncome": "72000", "depreciation": "None", "depreciationAndAmortization": "62000", "incomeBeforeTax": "-3637000", "incomeTaxExpense": "-72000", "interestAndDebtExpense": "None", "netIncomeFromContinuingOperations": "-3637000", "comprehensiveIncomeNetOfTax": "None", "ebit": "-3709000", "ebitda": "-3647000", "netIncome": "-3637000"}, {"fiscalDateEnding": "2018-09-30", "reportedCurrency": "USD", "grossProfit": "0", "totalRevenue": "0", "costOfRevenue": "0", "costofGoodsAndServicesSold": "0", "operatingIncome": "-3240000", "sellingGeneralAndAdministrative": "1753000", "researchAndDevelopment": "1541000", "operatingExpenses": "3294000", "investmentIncomeNet": "None", "netInterestIncome": "None", "interestIncome": "None", "interestExpense": "61000", "nonInterestIncome": "None", "otherNonOperatingIncome": "54000", "depreciation": "None", "depreciationAndAmortization": "66000", "incomeBeforeTax": "-3240000", "incomeTaxExpense": "-61000", "interestAndDebtExpense": "None", "netIncomeFromContinuingOperations": "-3240000", "comprehensiveIncomeNetOfTax": "None", "ebit": "-3294000", "ebitda": "-3228000", "netIncome": "-3240000"}, {"fiscalDateEnding": "2018-06-30", "reportedCurrency": "USD", "grossProfit": "0", "totalRevenue": "0", "costOfRevenue": "0", "costofGoodsAndServicesSold": "0", "operatingIncome": "-2788000", "sellingGeneralAndAdministrative": "1751000", "researchAndDevelopment": "1045000", "operatingExpenses": "2796000", "investmentIncomeNet": "None", "netInterestIncome": "None", "interestIncome": "None", "interestExpense": "20000", "nonInterestIncome": "None", "otherNonOperatingIncome": "8000", "depreciation": "None", "depreciationAndAmortization": "68000", "incomeBeforeTax": "-2788000", "incomeTaxExpense": "-17000", "interestAndDebtExpense": "None", "netIncomeFromContinuingOperations": "-2788000", "comprehensiveIncomeNetOfTax": "None", "ebit": "-2796000", "ebitda": "-2728000", "netIncome": "-2788000"}, {"fiscalDateEnding": "2018-03-31", "reportedCurrency": "USD", "grossProfit": "0", "totalRevenue": "0", "costOfRevenue": "0", "costofGoodsAndServicesSold": "0", "operatingIncome": "-3022000", "sellingGeneralAndAdministrative": "1813000", "researchAndDevelopment": "1201000", "operatingExpenses": "3014000", "investmentIncomeNet": "None", "netInterestIncome": "None", "interestIncome": "None", "interestExpense": "10000", "nonInterestIncome": "None", "otherNonOperatingIncome": "-8000", "depreciation": "None", "depreciationAndAmortization": "86000", "incomeBeforeTax": "-3022000", "incomeTaxExpense": "-10000", "interestAndDebtExpense": "None", "netIncomeFromContinuingOperations": "-3022000", "comprehensiveIncomeNetOfTax": "None", "ebit": "-3014000", "ebitda": "-2928000", "netIncome": "-3022000"}, {"fiscalDateEnding": "2017-12-31", "reportedCurrency": "USD", "grossProfit": "0", "totalRevenue": "0", "costOfRevenue": "0", "costofGoodsAndServicesSold": "0", "operatingIncome": "-3782000", "sellingGeneralAndAdministrative": "1629000", "researchAndDevelopment": "2153000", "operatingExpenses": "3782000", "investmentIncomeNet": "None", "netInterestIncome": "None", "interestIncome": "None", "interestExpense": "10000", "nonInterestIncome": "None", "otherNonOperatingIncome": "-146000", "depreciation": "None", "depreciationAndAmortization": "91000", "incomeBeforeTax": "-3740000", "incomeTaxExpense": "-42000", "interestAndDebtExpense": "None", "netIncomeFromContinuingOperations": "2155000", "comprehensiveIncomeNetOfTax": "None", "ebit": "-3782000", "ebitda": "-3691000", "netIncome": "-3740000"}, {"fiscalDateEnding": "2017-09-30", "reportedCurrency": "USD", "grossProfit": "0", "totalRevenue": "0", "costOfRevenue": "0", "costofGoodsAndServicesSold": "0", "operatingIncome": "-2375000", "sellingGeneralAndAdministrative": "1550000", "researchAndDevelopment": "825000", "operatingExpenses": "2375000", "investmentIncomeNet": "None", "netInterestIncome": "None", "interestIncome": "None", "interestExpense": "10000", "nonInterestIncome": "None", "otherNonOperatingIncome": "-7025000", "depreciation": "None", "depreciationAndAmortization": "61000", "incomeBeforeTax": "-9400000", "incomeTaxExpense": "-2928000", "interestAndDebtExpense": "None", "netIncomeFromContinuingOperations": "-6472000", "comprehensiveIncomeNetOfTax": "None", "ebit": "-2356000", "ebitda": "-2295000", "netIncome": "-6472000"}, {"fiscalDateEnding": "2017-06-30", "reportedCurrency": "USD", "grossProfit": "0", "totalRevenue": "0", "costOfRevenue": "0", "costofGoodsAndServicesSold": "0", "operatingIncome": "-3089000", "sellingGeneralAndAdministrative": "2321000", "researchAndDevelopment": "777000", "operatingExpenses": "3098000", "investmentIncomeNet": "None", "netInterestIncome": "None", "interestIncome": "None", "interestExpense": "30000", "nonInterestIncome": "None", "otherNonOperatingIncome": "92000", "depreciation": "None", "depreciationAndAmortization": "37000", "incomeBeforeTax": "-2997000", "incomeTaxExpense": "-92000", "interestAndDebtExpense": "None", "netIncomeFromContinuingOperations": "-2997000", "comprehensiveIncomeNetOfTax": "None", "ebit": "-137000", "ebitda": "-100000", "netIncome": "-2997000"}, {"fiscalDateEnding": "2017-03-31", "reportedCurrency": "USD", "grossProfit": "0", "totalRevenue": "0", "costOfRevenue": "0", "costofGoodsAndServicesSold": "0", "operatingIncome": "-3346000", "sellingGeneralAndAdministrative": "2532000", "researchAndDevelopment": "912000", "operatingExpenses": "3444000", "investmentIncomeNet": "None", "netInterestIncome": "None", "interestIncome": "None", "interestExpense": "30000", "nonInterestIncome": "None", "otherNonOperatingIncome": "77000", "depreciation": "None", "depreciationAndAmortization": "93000", "incomeBeforeTax": "-3269000", "incomeTaxExpense": "-77000", "interestAndDebtExpense": "None", "netIncomeFromContinuingOperations": "-3269000", "comprehensiveIncomeNetOfTax": "None", "ebit": "-358000", "ebitda": "-265000", "netIncome": "-3269000"}, {"fiscalDateEnding": "2016-12-31", "reportedCurrency": "USD", "grossProfit": "5062000", "totalRevenue": "5062000", "costOfRevenue": "0", "costofGoodsAndServicesSold": "0", "operatingIncome": "-6013000", "sellingGeneralAndAdministrative": "2295000", "researchAndDevelopment": "1702000", "operatingExpenses": "3997000", "investmentIncomeNet": "None", "netInterestIncome": "None", "interestIncome": "None", "interestExpense": "40000", "nonInterestIncome": "None", "otherNonOperatingIncome": "170000", "depreciation": "None", "depreciationAndAmortization": "40000", "incomeBeforeTax": "-5843000", "incomeTaxExpense": "-170000", "interestAndDebtExpense": "None", "netIncomeFromContinuingOperations": "-5843000", "comprehensiveIncomeNetOfTax": "None", "ebit": "-5843000", "ebitda": "-5803000", "netIncome": "-5843000"}, {"fiscalDateEnding": "2016-09-30", "reportedCurrency": "USD", "grossProfit": "5062000", "totalRevenue": "5062000", "costOfRevenue": "0", "costofGoodsAndServicesSold": "0", "operatingIncome": "-4365000", "sellingGeneralAndAdministrative": "1864000", "researchAndDevelopment": "3782000", "operatingExpenses": "5646000", "investmentIncomeNet": "None", "netInterestIncome": "None", "interestIncome": "None", "interestExpense": "50000", "nonInterestIncome": "None", "otherNonOperatingIncome": "675000", "depreciation": "None", "depreciationAndAmortization": "45000", "incomeBeforeTax": "-3690000", "incomeTaxExpense": "-675000", "interestAndDebtExpense": "None", "netIncomeFromContinuingOperations": "-3690000", "comprehensiveIncomeNetOfTax": "None", "ebit": "-3690000", "ebitda": "-3645000", "netIncome": "-3690000"}, {"fiscalDateEnding": "2016-06-30", "reportedCurrency": "USD", "grossProfit": "2122000", "totalRevenue": "2122000", "costOfRevenue": "0", "costofGoodsAndServicesSold": "0", "operatingIncome": "-6382000", "sellingGeneralAndAdministrative": "2475000", "researchAndDevelopment": "4662000", "operatingExpenses": "7137000", "investmentIncomeNet": "None", "netInterestIncome": "None", "interestIncome": "None", "interestExpense": "60000", "nonInterestIncome": "None", "otherNonOperatingIncome": "-507000", "depreciation": "None", "depreciationAndAmortization": "47000", "incomeBeforeTax": "-6889000", "incomeTaxExpense": "507000", "interestAndDebtExpense": "None", "netIncomeFromContinuingOperations": "-6889000", "comprehensiveIncomeNetOfTax": "None", "ebit": "-5015000", "ebitda": "-4968000", "netIncome": "-6889000"}, {"fiscalDateEnding": "2016-03-31", "reportedCurrency": "USD", "grossProfit": "2940000", "totalRevenue": "2940000", "costOfRevenue": "0", "costofGoodsAndServicesSold": "0", "operatingIncome": "-4432000", "sellingGeneralAndAdministrative": "2299000", "researchAndDevelopment": "4642000", "operatingExpenses": "6941000", "investmentIncomeNet": "None", "netInterestIncome": "None", "interestIncome": "None", "interestExpense": "50000", "nonInterestIncome": "None", "otherNonOperatingIncome": "725000", "depreciation": "None", "depreciationAndAmortization": "56000", "incomeBeforeTax": "-3707000", "incomeTaxExpense": "-725000", "interestAndDebtExpense": "None", "netIncomeFromContinuingOperations": "-3707000", "comprehensiveIncomeNetOfTax": "None", "ebit": "-4001000", "ebitda": "-3945000", "netIncome": "-3707000"}, {"fiscalDateEnding": "2015-12-31", "reportedCurrency": "USD", "grossProfit": "6024000", "totalRevenue": "6024000", "costOfRevenue": "0", "costofGoodsAndServicesSold": "0", "operatingIncome": "-3478000", "sellingGeneralAndAdministrative": "2915000", "researchAndDevelopment": "6587000", "operatingExpenses": "9502000", "investmentIncomeNet": "None", "netInterestIncome": "None", "interestIncome": "None", "interestExpense": "30000", "nonInterestIncome": "None", "otherNonOperatingIncome": "1754000", "depreciation": "None", "depreciationAndAmortization": "66000", "incomeBeforeTax": "-1722000", "incomeTaxExpense": "-1755000", "interestAndDebtExpense": "None", "netIncomeFromContinuingOperations": "-1724000", "comprehensiveIncomeNetOfTax": "None", "ebit": "-3479000", "ebitda": "-3413000", "netIncome": "-1722000"}, {"fiscalDateEnding": "2015-09-30", "reportedCurrency": "USD", "grossProfit": "6737000", "totalRevenue": "6737000", "costOfRevenue": "0", "costofGoodsAndServicesSold": "0", "operatingIncome": "-4691000", "sellingGeneralAndAdministrative": "3125000", "researchAndDevelopment": "8303000", "operatingExpenses": "11428000", "investmentIncomeNet": "None", "netInterestIncome": "None", "interestIncome": "None", "interestExpense": "20000", "nonInterestIncome": "None", "otherNonOperatingIncome": "141000", "depreciation": "None", "depreciationAndAmortization": "62000", "incomeBeforeTax": "-4550000", "incomeTaxExpense": "-141000", "interestAndDebtExpense": "None", "netIncomeFromContinuingOperations": "-4550000", "comprehensiveIncomeNetOfTax": "None", "ebit": "-4691000", "ebitda": "-4629000", "netIncome": "-4550000"}, {"fiscalDateEnding": "2015-06-30", "reportedCurrency": "USD", "grossProfit": "4025000", "totalRevenue": "4025000", "costOfRevenue": "0", "costofGoodsAndServicesSold": "0", "operatingIncome": "-5587000", "sellingGeneralAndAdministrative": "3067000", "researchAndDevelopment": "6545000", "operatingExpenses": "9612000", "investmentIncomeNet": "None", "netInterestIncome": "None", "interestIncome": "None", "interestExpense": "10000", "nonInterestIncome": "None", "otherNonOperatingIncome": "-423000", "depreciation": "None", "depreciationAndAmortization": "70000", "incomeBeforeTax": "-6010000", "incomeTaxExpense": "423000", "interestAndDebtExpense": "None", "netIncomeFromContinuingOperations": "-6010000", "comprehensiveIncomeNetOfTax": "None", "ebit": "-5587000", "ebitda": "-5517000", "netIncome": "-6010000"}, {"fiscalDateEnding": "2015-03-31", "reportedCurrency": "USD", "grossProfit": "1374000", "totalRevenue": "1374000", "costOfRevenue": "0", "costofGoodsAndServicesSold": "0", "operatingIncome": "-4997000", "sellingGeneralAndAdministrative": "2698000", "researchAndDevelopment": "3673000", "operatingExpenses": "6371000", "investmentIncomeNet": "None", "netInterestIncome": "None", "interestIncome": "None", "interestExpense": "50000", "nonInterestIncome": "None", "otherNonOperatingIncome": "480000", "depreciation": "None", "depreciationAndAmortization": "46000", "incomeBeforeTax": "-4517000", "incomeTaxExpense": "-480000", "interestAndDebtExpense": "None", "netIncomeFromContinuingOperations": "-4517000", "comprehensiveIncomeNetOfTax": "None", "ebit": "-4997000", "ebitda": "-4951000", "netIncome": "-4517000"}, {"fiscalDateEnding": "2014-12-31", "reportedCurrency": "USD", "grossProfit": "5653000", "totalRevenue": "5653000", "costOfRevenue": "0", "costofGoodsAndServicesSold": "0", "operatingIncome": "-6665000", "sellingGeneralAndAdministrative": "2733000", "researchAndDevelopment": "9852000", "operatingExpenses": "12585000", "investmentIncomeNet": "None", "netInterestIncome": "None", "interestIncome": "None", "interestExpense": "20000", "nonInterestIncome": "None", "otherNonOperatingIncome": "983000", "depreciation": "None", "depreciationAndAmortization": "58000", "incomeBeforeTax": "-5682000", "incomeTaxExpense": "-1251000", "interestAndDebtExpense": "None", "netIncomeFromContinuingOperations": "-5682000", "comprehensiveIncomeNetOfTax": "None", "ebit": "-6932000", "ebitda": "-6874000", "netIncome": "-5682000"}, {"fiscalDateEnding": "2014-09-30", "reportedCurrency": "USD", "grossProfit": "4803000", "totalRevenue": "4803000", "costOfRevenue": "0", "costofGoodsAndServicesSold": "0", "operatingIncome": "-4907000", "sellingGeneralAndAdministrative": "2459000", "researchAndDevelopment": "9586000", "operatingExpenses": "12045000", "investmentIncomeNet": "None", "netInterestIncome": "None", "interestIncome": "None", "interestExpense": "531000", "nonInterestIncome": "None", "otherNonOperatingIncome": "2335000", "depreciation": "None", "depreciationAndAmortization": "55000", "incomeBeforeTax": "-4907000", "incomeTaxExpense": "-2346000", "interestAndDebtExpense": "None", "netIncomeFromContinuingOperations": "-4907000", "comprehensiveIncomeNetOfTax": "None", "ebit": "-7242000", "ebitda": "-7187000", "netIncome": "-4907000"}, {"fiscalDateEnding": "2014-06-30", "reportedCurrency": "USD", "grossProfit": "4929000", "totalRevenue": "4929000", "costOfRevenue": "0", "costofGoodsAndServicesSold": "0", "operatingIncome": "-7630000", "sellingGeneralAndAdministrative": "2676000", "researchAndDevelopment": "9883000", "operatingExpenses": "12559000", "investmentIncomeNet": "None", "netInterestIncome": "None", "interestIncome": "None", "interestExpense": "0", "nonInterestIncome": "None", "otherNonOperatingIncome": "615000", "depreciation": "None", "depreciationAndAmortization": "55000", "incomeBeforeTax": "-7015000", "incomeTaxExpense": "-615000", "interestAndDebtExpense": "None", "netIncomeFromContinuingOperations": "-7015000", "comprehensiveIncomeNetOfTax": "None", "ebit": "-7630000", "ebitda": "-7575000", "netIncome": "-7015000"}, {"fiscalDateEnding": "2014-03-31", "reportedCurrency": "USD", "grossProfit": "11731000", "totalRevenue": "11731000", "costOfRevenue": "0", "costofGoodsAndServicesSold": "0", "operatingIncome": "-7929000", "sellingGeneralAndAdministrative": "2757000", "researchAndDevelopment": "16903000", "operatingExpenses": "19660000", "investmentIncomeNet": "None", "netInterestIncome": "None", "interestIncome": "None", "interestExpense": "10000", "nonInterestIncome": "None", "otherNonOperatingIncome": "-707000", "depreciation": "None", "depreciationAndAmortization": "55000", "incomeBeforeTax": "-8636000", "incomeTaxExpense": "707000", "interestAndDebtExpense": "None", "netIncomeFromContinuingOperations": "-8636000", "comprehensiveIncomeNetOfTax": "None", "ebit": "-7929000", "ebitda": "-7874000", "netIncome": "-8636000"}, {"fiscalDateEnding": "2013-12-31", "reportedCurrency": "USD", "grossProfit": "8604000", "totalRevenue": "8604000", "costOfRevenue": "0", "costofGoodsAndServicesSold": "0", "operatingIncome": "-7037000", "sellingGeneralAndAdministrative": "2446000", "researchAndDevelopment": "13195000", "operatingExpenses": "15641000", "investmentIncomeNet": "None", "netInterestIncome": "None", "interestIncome": "None", "interestExpense": "30000", "nonInterestIncome": "None", "otherNonOperatingIncome": "359000", "depreciation": "None", "depreciationAndAmortization": "65000", "incomeBeforeTax": "-6678000", "incomeTaxExpense": "-359000", "interestAndDebtExpense": "None", "netIncomeFromContinuingOperations": "-6678000", "comprehensiveIncomeNetOfTax": "None", "ebit": "-7037000", "ebitda": "-6972000", "netIncome": "-6678000"}, {"fiscalDateEnding": "2013-09-30", "reportedCurrency": "USD", "grossProfit": "9862000", "totalRevenue": "9862000", "costOfRevenue": "0", "costofGoodsAndServicesSold": "0", "operatingIncome": "-10615000", "sellingGeneralAndAdministrative": "2473000", "researchAndDevelopment": "18004000", "operatingExpenses": "20477000", "investmentIncomeNet": "None", "netInterestIncome": "None", "interestIncome": "None", "interestExpense": "30000", "nonInterestIncome": "None", "otherNonOperatingIncome": "561000", "depreciation": "None", "depreciationAndAmortization": "62000", "incomeBeforeTax": "-10054000", "incomeTaxExpense": "-561000", "interestAndDebtExpense": "None", "netIncomeFromContinuingOperations": "-10054000", "comprehensiveIncomeNetOfTax": "None", "ebit": "-10615000", "ebitda": "-10553000", "netIncome": "-10054000"}, {"fiscalDateEnding": "2013-06-30", "reportedCurrency": "USD", "grossProfit": "6340000", "totalRevenue": "6340000", "costOfRevenue": "0", "costofGoodsAndServicesSold": "0", "operatingIncome": "-9396000", "sellingGeneralAndAdministrative": "2473000", "researchAndDevelopment": "13263000", "operatingExpenses": "15736000", "investmentIncomeNet": "None", "netInterestIncome": "None", "interestIncome": "None", "interestExpense": "40000", "nonInterestIncome": "None", "otherNonOperatingIncome": "976000", "depreciation": "None", "depreciationAndAmortization": "56000", "incomeBeforeTax": "-8420000", "incomeTaxExpense": "-976000", "interestAndDebtExpense": "None", "netIncomeFromContinuingOperations": "-8420000", "comprehensiveIncomeNetOfTax": "None", "ebit": "-9396000", "ebitda": "-9340000", "netIncome": "-8420000"}, {"fiscalDateEnding": "2013-03-31", "reportedCurrency": "USD", "grossProfit": "5076000", "totalRevenue": "5076000", "costOfRevenue": "0", "costofGoodsAndServicesSold": "0", "operatingIncome": "-8279000", "sellingGeneralAndAdministrative": "2500000", "researchAndDevelopment": "10855000", "operatingExpenses": "13355000", "investmentIncomeNet": "None", "netInterestIncome": "None", "interestIncome": "None", "interestExpense": "50000", "nonInterestIncome": "None", "otherNonOperatingIncome": "1582000", "depreciation": "None", "depreciationAndAmortization": "44000", "incomeBeforeTax": "-6697000", "incomeTaxExpense": "-1582000", "interestAndDebtExpense": "None", "netIncomeFromContinuingOperations": "-6697000", "comprehensiveIncomeNetOfTax": "None", "ebit": "-8279000", "ebitda": "-8235000", "netIncome": "-6697000"}, {"fiscalDateEnding": "2012-12-31", "reportedCurrency": "USD", "grossProfit": "9780000", "totalRevenue": "9780000", "costOfRevenue": "0", "costofGoodsAndServicesSold": "0", "operatingIncome": "-4103000", "sellingGeneralAndAdministrative": "2042000", "researchAndDevelopment": "15645000", "operatingExpenses": "17687000", "investmentIncomeNet": "None", "netInterestIncome": "None", "interestIncome": "None", "interestExpense": "70000", "nonInterestIncome": "None", "otherNonOperatingIncome": "2147000", "depreciation": "None", "depreciationAndAmortization": "29000", "incomeBeforeTax": "-4103000", "incomeTaxExpense": "-3666000", "interestAndDebtExpense": "None", "netIncomeFromContinuingOperations": "-24373000", "comprehensiveIncomeNetOfTax": "None", "ebit": "-7907000", "ebitda": "-7878000", "netIncome": "-4103000"}, {"fiscalDateEnding": "2012-09-30", "reportedCurrency": "USD", "grossProfit": "6570000", "totalRevenue": "6570000", "costOfRevenue": "0", "costofGoodsAndServicesSold": "0", "operatingIncome": "-8290000", "sellingGeneralAndAdministrative": "1965000", "researchAndDevelopment": "12895000", "operatingExpenses": "14860000", "investmentIncomeNet": "None", "netInterestIncome": "None", "interestIncome": "None", "interestExpense": "90000", "nonInterestIncome": "None", "otherNonOperatingIncome": "2370000", "depreciation": "None", "depreciationAndAmortization": "28000", "incomeBeforeTax": "-5920000", "incomeTaxExpense": "-2370000", "interestAndDebtExpense": "None", "netIncomeFromContinuingOperations": "5920000", "comprehensiveIncomeNetOfTax": "None", "ebit": "-8290000", "ebitda": "-8262000", "netIncome": "-5920000"}, {"fiscalDateEnding": "2012-06-30", "reportedCurrency": "USD", "grossProfit": "2429000", "totalRevenue": "2429000", "costOfRevenue": "0", "costofGoodsAndServicesSold": "0", "operatingIncome": "-5944000", "sellingGeneralAndAdministrative": "2047000", "researchAndDevelopment": "6326000", "operatingExpenses": "8373000", "investmentIncomeNet": "None", "netInterestIncome": "None", "interestIncome": "None", "interestExpense": "90000", "nonInterestIncome": "None", "otherNonOperatingIncome": "1729000", "depreciation": "None", "depreciationAndAmortization": "24000", "incomeBeforeTax": "-4215000", "incomeTaxExpense": "-1729000", "interestAndDebtExpense": "None", "netIncomeFromContinuingOperations": "4215000", "comprehensiveIncomeNetOfTax": "None", "ebit": "-5944000", "ebitda": "-5920000", "netIncome": "-4215000"}, {"fiscalDateEnding": "2012-03-31", "reportedCurrency": "USD", "grossProfit": "1316000", "totalRevenue": "1316000", "costOfRevenue": "0", "costofGoodsAndServicesSold": "0", "operatingIncome": "-5503000", "sellingGeneralAndAdministrative": "1737000", "researchAndDevelopment": "5082000", "operatingExpenses": "6819000", "investmentIncomeNet": "None", "netInterestIncome": "None", "interestIncome": "None", "interestExpense": "50000", "nonInterestIncome": "None", "otherNonOperatingIncome": "-1357000", "depreciation": "None", "depreciationAndAmortization": "19000", "incomeBeforeTax": "-6860000", "incomeTaxExpense": "1357000", "interestAndDebtExpense": "None", "netIncomeFromContinuingOperations": "-6860000", "comprehensiveIncomeNetOfTax": "None", "ebit": "-5503000", "ebitda": "-5484000", "netIncome": "-6860000"}, {"fiscalDateEnding": "2011-12-31", "reportedCurrency": "USD", "grossProfit": "1236000", "totalRevenue": "1236000", "costOfRevenue": "None", "costofGoodsAndServicesSold": "None", "operatingIncome": "-7972000", "sellingGeneralAndAdministrative": "1730000", "researchAndDevelopment": "7477000", "operatingExpenses": "9208000", "investmentIncomeNet": "None", "netInterestIncome": "None", "interestIncome": "None", "interestExpense": "50000", "nonInterestIncome": "None", "otherNonOperatingIncome": "None", "depreciation": "None", "depreciationAndAmortization": "19000", "incomeBeforeTax": "-9569000", "incomeTaxExpense": "1597000", "interestAndDebtExpense": "None", "netIncomeFromContinuingOperations": "None", "comprehensiveIncomeNetOfTax": "None", "ebit": "-7972000", "ebitda": "-7953000", "netIncome": "-9569000"}, {"fiscalDateEnding": "2011-09-30", "reportedCurrency": "USD", "grossProfit": "1174000", "totalRevenue": "1174000", "costOfRevenue": "0", "costofGoodsAndServicesSold": "0", "operatingIncome": "-4097000", "sellingGeneralAndAdministrative": "1457000", "researchAndDevelopment": "3814000", "operatingExpenses": "5271000", "investmentIncomeNet": "None", "netInterestIncome": "None", "interestIncome": "None", "interestExpense": "50000", "nonInterestIncome": "None", "otherNonOperatingIncome": "8567000", "depreciation": "None", "depreciationAndAmortization": "19000", "incomeBeforeTax": "4470000", "incomeTaxExpense": "-8567000", "interestAndDebtExpense": "None", "netIncomeFromContinuingOperations": "4470000", "comprehensiveIncomeNetOfTax": "None", "ebit": "-4097000", "ebitda": "-4078000", "netIncome": "4470000"}, {"fiscalDateEnding": "2011-06-30", "reportedCurrency": "USD", "grossProfit": "1887000", "totalRevenue": "1887000", "costOfRevenue": "0", "costofGoodsAndServicesSold": "0", "operatingIncome": "-4993000", "sellingGeneralAndAdministrative": "1471000", "researchAndDevelopment": "5409000", "operatingExpenses": "6880000", "investmentIncomeNet": "None", "netInterestIncome": "None", "interestIncome": "None", "interestExpense": "60000", "nonInterestIncome": "None", "otherNonOperatingIncome": "-1537000", "depreciation": "None", "depreciationAndAmortization": "18000", "incomeBeforeTax": "6530000", "incomeTaxExpense": "1537000", "interestAndDebtExpense": "None", "netIncomeFromContinuingOperations": "-6530000", "comprehensiveIncomeNetOfTax": "None", "ebit": "-4993000", "ebitda": "-4975000", "netIncome": "-6530000"}, {"fiscalDateEnding": "2011-03-31", "reportedCurrency": "USD", "grossProfit": "1199000", "totalRevenue": "1199000", "costOfRevenue": "None", "costofGoodsAndServicesSold": "None", "operatingIncome": "-5225000", "sellingGeneralAndAdministrative": "1571000", "researchAndDevelopment": "4853000", "operatingExpenses": "6424000", "investmentIncomeNet": "None", "netInterestIncome": "None", "interestIncome": "None", "interestExpense": "60000", "nonInterestIncome": "None", "otherNonOperatingIncome": "None", "depreciation": "None", "depreciationAndAmortization": "19000", "incomeBeforeTax": "-3045000", "incomeTaxExpense": "-2180000", "interestAndDebtExpense": "None", "netIncomeFromContinuingOperations": "None", "comprehensiveIncomeNetOfTax": "None", "ebit": "-5225000", "ebitda": "-5206000", "netIncome": "-3045000"}, {"fiscalDateEnding": "2010-12-31", "reportedCurrency": "USD", "grossProfit": "2334000", "totalRevenue": "2334000", "costOfRevenue": "None", "costofGoodsAndServicesSold": "None", "operatingIncome": "-1915000", "sellingGeneralAndAdministrative": "1948000", "researchAndDevelopment": "2301000", "operatingExpenses": "4249000", "investmentIncomeNet": "None", "netInterestIncome": "None", "interestIncome": "None", "interestExpense": "40000", "nonInterestIncome": "None", "otherNonOperatingIncome": "None", "depreciation": "None", "depreciationAndAmortization": "13000", "incomeBeforeTax": "-2800000", "incomeTaxExpense": "885000", "interestAndDebtExpense": "None", "netIncomeFromContinuingOperations": "None", "comprehensiveIncomeNetOfTax": "None", "ebit": "-1915000", "ebitda": "-1902000", "netIncome": "-2800000"}, {"fiscalDateEnding": "2010-09-30", "reportedCurrency": "USD", "grossProfit": "4881000", "totalRevenue": "4881000", "costOfRevenue": "None", "costofGoodsAndServicesSold": "None", "operatingIncome": "-6947000", "sellingGeneralAndAdministrative": "1067000", "researchAndDevelopment": "6723000", "operatingExpenses": "7790000", "investmentIncomeNet": "None", "netInterestIncome": "None", "interestIncome": "None", "interestExpense": "30000", "nonInterestIncome": "None", "otherNonOperatingIncome": "None", "depreciation": "None", "depreciationAndAmortization": "13000", "incomeBeforeTax": "-6894000", "incomeTaxExpense": "3985000", "interestAndDebtExpense": "None", "netIncomeFromContinuingOperations": "None", "comprehensiveIncomeNetOfTax": "None", "ebit": "-2909000", "ebitda": "-2896000", "netIncome": "-6894000"}, {"fiscalDateEnding": "2010-06-30", "reportedCurrency": "USD", "grossProfit": "1701000", "totalRevenue": "1701000", "costOfRevenue": "None", "costofGoodsAndServicesSold": "None", "operatingIncome": "-2846000", "sellingGeneralAndAdministrative": "1475000", "researchAndDevelopment": "3079000", "operatingExpenses": "4554000", "investmentIncomeNet": "None", "netInterestIncome": "None", "interestIncome": "None", "interestExpense": "10000", "nonInterestIncome": "None", "otherNonOperatingIncome": "None", "depreciation": "None", "depreciationAndAmortization": "14000", "incomeBeforeTax": "-2846000", "incomeTaxExpense": "-3000000", "interestAndDebtExpense": "None", "netIncomeFromContinuingOperations": "None", "comprehensiveIncomeNetOfTax": "None", "ebit": "-2853000", "ebitda": "-2839000", "netIncome": "154000"}, {"fiscalDateEnding": "2010-03-31", "reportedCurrency": "USD", "grossProfit": "4700000", "totalRevenue": "4700000", "costOfRevenue": "None", "costofGoodsAndServicesSold": "None", "operatingIncome": "-3030000", "sellingGeneralAndAdministrative": "1350000", "researchAndDevelopment": "6380000", "operatingExpenses": "7730000", "investmentIncomeNet": "None", "netInterestIncome": "None", "interestIncome": "None", "interestExpense": "10000", "nonInterestIncome": "None", "otherNonOperatingIncome": "None", "depreciation": "None", "depreciationAndAmortization": "12000", "incomeBeforeTax": "-3044000", "incomeTaxExpense": "14000", "interestAndDebtExpense": "None", "netIncomeFromContinuingOperations": "None", "comprehensiveIncomeNetOfTax": "None", "ebit": "-3030000", "ebitda": "-3018000", "netIncome": "-3044000"}, {"fiscalDateEnding": "2009-12-31", "reportedCurrency": "USD", "grossProfit": "25539000", "totalRevenue": "25539000", "costOfRevenue": "None", "costofGoodsAndServicesSold": "None", "operatingIncome": "6880000", "sellingGeneralAndAdministrative": "1291000", "researchAndDevelopment": "17365000", "operatingExpenses": "18656000", "investmentIncomeNet": "None", "netInterestIncome": "None", "interestIncome": "None", "interestExpense": "10000", "nonInterestIncome": "None", "otherNonOperatingIncome": "None", "depreciation": "None", "depreciationAndAmortization": "12000", "incomeBeforeTax": "6880000", "incomeTaxExpense": "2999000", "interestAndDebtExpense": "None", "netIncomeFromContinuingOperations": "None", "comprehensiveIncomeNetOfTax": "None", "ebit": "6883000", "ebitda": "6895000", "netIncome": "3881000"}, {"fiscalDateEnding": "2009-09-30", "reportedCurrency": "USD", "grossProfit": "None", "totalRevenue": "None", "costOfRevenue": "None", "costofGoodsAndServicesSold": "None", "operatingIncome": "-2369000", "sellingGeneralAndAdministrative": "885000", "researchAndDevelopment": "1513000", "operatingExpenses": "2398000", "investmentIncomeNet": "None", "netInterestIncome": "None", "interestIncome": "None", "interestExpense": "10000", "nonInterestIncome": "None", "otherNonOperatingIncome": "None", "depreciation": "None", "depreciationAndAmortization": "14000", "incomeBeforeTax": "-2369000", "incomeTaxExpense": "16000", "interestAndDebtExpense": "None", "netIncomeFromContinuingOperations": "None", "comprehensiveIncomeNetOfTax": "None", "ebit": "-2398000", "ebitda": "-2384000", "netIncome": "-2385000"}, {"fiscalDateEnding": "2009-06-30", "reportedCurrency": "USD", "grossProfit": "None", "totalRevenue": "None", "costOfRevenue": "None", "costofGoodsAndServicesSold": "None", "operatingIncome": "-4557000", "sellingGeneralAndAdministrative": "1003000", "researchAndDevelopment": "3588000", "operatingExpenses": "4591000", "investmentIncomeNet": "None", "netInterestIncome": "None", "interestIncome": "None", "interestExpense": "None", "nonInterestIncome": "None", "otherNonOperatingIncome": "None", "depreciation": "None", "depreciationAndAmortization": "15000", "incomeBeforeTax": "-4557000", "incomeTaxExpense": "6000", "interestAndDebtExpense": "None", "netIncomeFromContinuingOperations": "None", "comprehensiveIncomeNetOfTax": "None", "ebit": "-4591000", "ebitda": "-4576000", "netIncome": "-4563000"}, {"fiscalDateEnding": "2009-03-31", "reportedCurrency": "USD", "grossProfit": "None", "totalRevenue": "None", "costOfRevenue": "None", "costofGoodsAndServicesSold": "None", "operatingIncome": "-2419000", "sellingGeneralAndAdministrative": "782000", "researchAndDevelopment": "1694000", "operatingExpenses": "2476000", "investmentIncomeNet": "None", "netInterestIncome": "None", "interestIncome": "None", "interestExpense": "30000", "nonInterestIncome": "None", "otherNonOperatingIncome": "None", "depreciation": "None", "depreciationAndAmortization": "9000", "incomeBeforeTax": "-2419000", "incomeTaxExpense": "-10000", "interestAndDebtExpense": "None", "netIncomeFromContinuingOperations": "None", "comprehensiveIncomeNetOfTax": "None", "ebit": "-2476000", "ebitda": "-2467000", "netIncome": "-2409000"}, {"fiscalDateEnding": "2008-12-31", "reportedCurrency": "USD", "grossProfit": "20131000", "totalRevenue": "20131000", "costOfRevenue": "None", "costofGoodsAndServicesSold": "None", "operatingIncome": "-4915000", "sellingGeneralAndAdministrative": "1050000", "researchAndDevelopment": "4198000", "operatingExpenses": "5248000", "investmentIncomeNet": "None", "netInterestIncome": "None", "interestIncome": "None", "interestExpense": "70000", "nonInterestIncome": "None", "otherNonOperatingIncome": "None", "depreciation": "None", "depreciationAndAmortization": "40000", "incomeBeforeTax": "-4915000", "incomeTaxExpense": "41000", "interestAndDebtExpense": "None", "netIncomeFromContinuingOperations": "None", "comprehensiveIncomeNetOfTax": "None", "ebit": "-5248000", "ebitda": "-5208000", "netIncome": "-4956000"}, {"fiscalDateEnding": "2008-09-30", "reportedCurrency": "USD", "grossProfit": "None", "totalRevenue": "None", "costOfRevenue": "None", "costofGoodsAndServicesSold": "None", "operatingIncome": "-2663000", "sellingGeneralAndAdministrative": "1024000", "researchAndDevelopment": "1639000", "operatingExpenses": "2663000", "investmentIncomeNet": "None", "netInterestIncome": "None", "interestIncome": "None", "interestExpense": "50000", "nonInterestIncome": "None", "otherNonOperatingIncome": "None", "depreciation": "None", "depreciationAndAmortization": "-659241", "incomeBeforeTax": "-2366000", "incomeTaxExpense": "-2515000", "interestAndDebtExpense": "None", "netIncomeFromContinuingOperations": "None", "comprehensiveIncomeNetOfTax": "None", "ebit": "-2249759", "ebitda": "-2909000", "netIncome": "4577000"}, {"fiscalDateEnding": "2008-06-30", "reportedCurrency": "USD", "grossProfit": "None", "totalRevenue": "None", "costOfRevenue": "None", "costofGoodsAndServicesSold": "None", "operatingIncome": "-3994842", "sellingGeneralAndAdministrative": "2507076", "researchAndDevelopment": "1487766", "operatingExpenses": "3994842", "investmentIncomeNet": "None", "netInterestIncome": "None", "interestIncome": "None", "interestExpense": "10000", "nonInterestIncome": "None", "otherNonOperatingIncome": "None", "depreciation": "None", "depreciationAndAmortization": "362755", "incomeBeforeTax": "-3981907", "incomeTaxExpense": "-187938", "interestAndDebtExpense": "None", "netIncomeFromContinuingOperations": "None", "comprehensiveIncomeNetOfTax": "None", "ebit": "-3994842", "ebitda": "-3632087", "netIncome": "-3806904"}, {"fiscalDateEnding": "2008-03-31", "reportedCurrency": "USD", "grossProfit": "7729211", "totalRevenue": "7729211", "costOfRevenue": "None", "costofGoodsAndServicesSold": "None", "operatingIncome": "-4370443", "sellingGeneralAndAdministrative": "2101409", "researchAndDevelopment": "2269034", "operatingExpenses": "4370443", "investmentIncomeNet": "None", "netInterestIncome": "None", "interestIncome": "None", "interestExpense": "80000", "nonInterestIncome": "None", "otherNonOperatingIncome": "None", "depreciation": "None", "depreciationAndAmortization": "345486", "incomeBeforeTax": "-4414821", "incomeTaxExpense": "-255250", "interestAndDebtExpense": "None", "netIncomeFromContinuingOperations": "None", "comprehensiveIncomeNetOfTax": "None", "ebit": "-4370443", "ebitda": "-4024957", "netIncome": "-4115193"}, {"fiscalDateEnding": "2007-12-31", "reportedCurrency": "USD", "grossProfit": "7729211", "totalRevenue": "7729211", "costOfRevenue": "None", "costofGoodsAndServicesSold": "None", "operatingIncome": "1536154", "sellingGeneralAndAdministrative": "8218890000", "researchAndDevelopment": "3640709", "operatingExpenses": "6193057", "investmentIncomeNet": "None", "netInterestIncome": "None", "interestIncome": "None", "interestExpense": "434125", "nonInterestIncome": "None", "otherNonOperatingIncome": "None", "depreciation": "None", "depreciationAndAmortization": "191043", "incomeBeforeTax": "1445435", "incomeTaxExpense": "-396787", "interestAndDebtExpense": "None", "netIncomeFromContinuingOperations": "None", "comprehensiveIncomeNetOfTax": "None", "ebit": "1536154", "ebitda": "1727197", "netIncome": "1932941"}, {"fiscalDateEnding": "2007-09-30", "reportedCurrency": "USD", "grossProfit": "4079400", "totalRevenue": "4079400", "costOfRevenue": "None", "costofGoodsAndServicesSold": "None", "operatingIncome": "-6353665", "sellingGeneralAndAdministrative": "1562420", "researchAndDevelopment": "8870645", "operatingExpenses": "10433065", "investmentIncomeNet": "None", "netInterestIncome": "None", "interestIncome": "None", "interestExpense": "30000", "nonInterestIncome": "None", "otherNonOperatingIncome": "None", "depreciation": "None", "depreciationAndAmortization": "485157", "incomeBeforeTax": "-6354294", "incomeTaxExpense": "-546076", "interestAndDebtExpense": "None", "netIncomeFromContinuingOperations": "None", "comprehensiveIncomeNetOfTax": "None", "ebit": "-6353665", "ebitda": "-5868508", "netIncome": "-5807589"}, {"fiscalDateEnding": "2007-06-30", "reportedCurrency": "USD", "grossProfit": "3271018", "totalRevenue": "3271018", "costOfRevenue": "None", "costofGoodsAndServicesSold": "None", "operatingIncome": "-6553476", "sellingGeneralAndAdministrative": "2128522", "researchAndDevelopment": "7695972", "operatingExpenses": "9824494", "investmentIncomeNet": "None", "netInterestIncome": "None", "interestIncome": "None", "interestExpense": "125", "nonInterestIncome": "None", "otherNonOperatingIncome": "None", "depreciation": "None", "depreciationAndAmortization": "32645", "incomeBeforeTax": "-6552527", "incomeTaxExpense": "-590309", "interestAndDebtExpense": "None", "netIncomeFromContinuingOperations": "None", "comprehensiveIncomeNetOfTax": "None", "ebit": "-6553476", "ebitda": "-6520831", "netIncome": "-5963167"}, {"fiscalDateEnding": "2007-03-31", "reportedCurrency": "USD", "grossProfit": "5051035", "totalRevenue": "5051035", "costOfRevenue": "None", "costofGoodsAndServicesSold": "None", "operatingIncome": "-3863964", "sellingGeneralAndAdministrative": "1975600", "researchAndDevelopment": "6939399", "operatingExpenses": "8915000", "investmentIncomeNet": "None", "netInterestIncome": "None", "interestIncome": "None", "interestExpense": "309", "nonInterestIncome": "None", "otherNonOperatingIncome": "None", "depreciation": "None", "depreciationAndAmortization": "-53156", "incomeBeforeTax": "-3898917", "incomeTaxExpense": "-638611", "interestAndDebtExpense": "None", "netIncomeFromContinuingOperations": "None", "comprehensiveIncomeNetOfTax": "None", "ebit": "-3810808", "ebitda": "-3863964", "netIncome": "-3225353"}, {"fiscalDateEnding": "2006-12-31", "reportedCurrency": "USD", "grossProfit": "5893441", "totalRevenue": "5893441", "costOfRevenue": "None", "costofGoodsAndServicesSold": "None", "operatingIncome": "-7702741", "sellingGeneralAndAdministrative": "7576276000", "researchAndDevelopment": "11462141", "operatingExpenses": "13596182", "investmentIncomeNet": "None", "netInterestIncome": "None", "interestIncome": "None", "interestExpense": "488", "nonInterestIncome": "None", "otherNonOperatingIncome": "None", "depreciation": "None", "depreciationAndAmortization": "166788", "incomeBeforeTax": "-7770784", "incomeTaxExpense": "-689979", "interestAndDebtExpense": "None", "netIncomeFromContinuingOperations": "None", "comprehensiveIncomeNetOfTax": "None", "ebit": "-7702741", "ebitda": "-7535953", "netIncome": "-7012762"}, {"fiscalDateEnding": "2006-09-30", "reportedCurrency": "USD", "grossProfit": "4931212", "totalRevenue": "4931212", "costOfRevenue": "None", "costofGoodsAndServicesSold": "None", "operatingIncome": "-7136160", "sellingGeneralAndAdministrative": "1786317", "researchAndDevelopment": "10281055", "operatingExpenses": "12067372", "investmentIncomeNet": "None", "netInterestIncome": "None", "interestIncome": "None", "interestExpense": "663", "nonInterestIncome": "None", "otherNonOperatingIncome": "None", "depreciation": "None", "depreciationAndAmortization": "154883", "incomeBeforeTax": "-7132566", "incomeTaxExpense": "-843315", "interestAndDebtExpense": "None", "netIncomeFromContinuingOperations": "None", "comprehensiveIncomeNetOfTax": "None", "ebit": "-7136160", "ebitda": "-6981277", "netIncome": "-6292845"}, {"fiscalDateEnding": "2006-06-30", "reportedCurrency": "USD", "grossProfit": "7513588", "totalRevenue": "7513588", "costOfRevenue": "None", "costofGoodsAndServicesSold": "None", "operatingIncome": "-5622587", "sellingGeneralAndAdministrative": "1887596", "researchAndDevelopment": "11248579", "operatingExpenses": "13136175", "investmentIncomeNet": "None", "netInterestIncome": "None", "interestIncome": "None", "interestExpense": "833", "nonInterestIncome": "None", "otherNonOperatingIncome": "None", "depreciation": "None", "depreciationAndAmortization": "149874", "incomeBeforeTax": "-5670628", "incomeTaxExpense": "-687165", "interestAndDebtExpense": "None", "netIncomeFromContinuingOperations": "None", "comprehensiveIncomeNetOfTax": "None", "ebit": "-5622587", "ebitda": "-5472713", "netIncome": "-4935422"}, {"fiscalDateEnding": "2006-03-31", "reportedCurrency": "USD", "grossProfit": "4053618", "totalRevenue": "4053618", "costOfRevenue": "None", "costofGoodsAndServicesSold": "None", "operatingIncome": "-5825206", "sellingGeneralAndAdministrative": "1768322", "researchAndDevelopment": "8110502", "operatingExpenses": "9878824", "investmentIncomeNet": "None", "netInterestIncome": "None", "interestIncome": "None", "interestExpense": "1000", "nonInterestIncome": "None", "otherNonOperatingIncome": "None", "depreciation": "None", "depreciationAndAmortization": "138070", "incomeBeforeTax": "-5310266", "incomeTaxExpense": "-514940", "interestAndDebtExpense": "None", "netIncomeFromContinuingOperations": "None", "comprehensiveIncomeNetOfTax": "None", "ebit": "-5825206", "ebitda": "-5687136", "netIncome": "-5310266"}, {"fiscalDateEnding": "2005-12-31", "reportedCurrency": "USD", "grossProfit": "8254483000", "totalRevenue": "8254483000", "costOfRevenue": "None", "costofGoodsAndServicesSold": "None", "operatingIncome": "-3736067", "sellingGeneralAndAdministrative": "5570051000", "researchAndDevelopment": "10522731", "operatingExpenses": "11990550", "investmentIncomeNet": "None", "netInterestIncome": "None", "interestIncome": "None", "interestExpense": "1162", "nonInterestIncome": "None", "otherNonOperatingIncome": "None", "depreciation": "None", "depreciationAndAmortization": "126962", "incomeBeforeTax": "-21079243250", "incomeTaxExpense": "-412803", "interestAndDebtExpense": "None", "netIncomeFromContinuingOperations": "None", "comprehensiveIncomeNetOfTax": "None", "ebit": "-3736067", "ebitda": "-3609105", "netIncome": "-3323264"}, {"fiscalDateEnding": "2005-09-30", "reportedCurrency": "USD", "grossProfit": "None", "totalRevenue": "None", "costOfRevenue": "None", "costofGoodsAndServicesSold": "None", "operatingIncome": "-9042202", "sellingGeneralAndAdministrative": "1063596", "researchAndDevelopment": "7978606", "operatingExpenses": "9042202", "investmentIncomeNet": "None", "netInterestIncome": "None", "interestIncome": "None", "interestExpense": "1320", "nonInterestIncome": "None", "otherNonOperatingIncome": "None", "depreciation": "None", "depreciationAndAmortization": "135127", "incomeBeforeTax": "-8907666", "incomeTaxExpense": "-134536", "interestAndDebtExpense": "None", "netIncomeFromContinuingOperations": "None", "comprehensiveIncomeNetOfTax": "None", "ebit": "-9042202", "ebitda": "-8907075", "netIncome": "-8907666"}]}