{"symbol": "AQB", "annualReports": [{"fiscalDateEnding": "2024-12-31", "reportedCurrency": "USD", "grossProfit": "-904136", "totalRevenue": "0", "costOfRevenue": "904136", "costofGoodsAndServicesSold": "904136", "operatingIncome": "-9524240", "sellingGeneralAndAdministrative": "9130000", "researchAndDevelopment": "203296", "operatingExpenses": "8620104", "investmentIncomeNet": "None", "netInterestIncome": "-2285017", "interestIncome": "None", "interestExpense": "2285017", "nonInterestIncome": "None", "otherNonOperatingIncome": "None", "depreciation": "None", "depreciationAndAmortization": "904136", "incomeBeforeTax": "-113752933", "incomeTaxExpense": "None", "interestAndDebtExpense": "None", "netIncomeFromContinuingOperations": "-113752933", "comprehensiveIncomeNetOfTax": "None", "ebit": "-111467914", "ebitda": "-110563778", "netIncome": "-149192660"}, {"fiscalDateEnding": "2023-12-31", "reportedCurrency": "USD", "grossProfit": "-2158231", "totalRevenue": "2473000", "costOfRevenue": "2158231", "costofGoodsAndServicesSold": "2158231", "operatingIncome": "-13671645", "sellingGeneralAndAdministrative": "12917000", "researchAndDevelopment": "506243", "operatingExpenses": "11513414", "investmentIncomeNet": "None", "netInterestIncome": "-264691", "interestIncome": "None", "interestExpense": "303967", "nonInterestIncome": "None", "otherNonOperatingIncome": "None", "depreciation": "None", "depreciationAndAmortization": "2158231", "incomeBeforeTax": "-13840927", "incomeTaxExpense": "-1", "interestAndDebtExpense": "None", "netIncomeFromContinuingOperations": "-25202227", "comprehensiveIncomeNetOfTax": "None", "ebit": "-13605975", "ebitda": "-11447744", "netIncome": "-27557901"}, {"fiscalDateEnding": "2022-12-31", "reportedCurrency": "USD", "grossProfit": "-10493957", "totalRevenue": "3136954", "costOfRevenue": "13630911", "costofGoodsAndServicesSold": "13630911", "operatingIncome": "-22323538", "sellingGeneralAndAdministrative": "9786819", "researchAndDevelopment": "903981", "operatingExpenses": "11829581", "investmentIncomeNet": "None", "netInterestIncome": "-291177", "interestIncome": "None", "interestExpense": "291177", "nonInterestIncome": "None", "otherNonOperatingIncome": "None", "depreciation": "None", "depreciationAndAmortization": "2024783", "incomeBeforeTax": "-22157195", "incomeTaxExpense": "-166000", "interestAndDebtExpense": "None", "netIncomeFromContinuingOperations": "-22157195", "comprehensiveIncomeNetOfTax": "None", "ebit": "-21866018", "ebitda": "-19841235", "netIncome": "-22157195"}, {"fiscalDateEnding": "2021-12-31", "reportedCurrency": "USD", "grossProfit": "-9611240", "totalRevenue": "1174832", "costOfRevenue": "10786072", "costofGoodsAndServicesSold": "10786072", "operatingIncome": "-22121765", "sellingGeneralAndAdministrative": "9103213", "researchAndDevelopment": "2145548", "operatingExpenses": "12510525", "investmentIncomeNet": "None", "netInterestIncome": "-316442", "interestIncome": "None", "interestExpense": "316442", "nonInterestIncome": "None", "otherNonOperatingIncome": "115619", "depreciation": "None", "depreciationAndAmortization": "1787564", "incomeBeforeTax": "-22322588", "incomeTaxExpense": "432061", "interestAndDebtExpense": "None", "netIncomeFromContinuingOperations": "-22322588", "comprehensiveIncomeNetOfTax": "None", "ebit": "-22006146", "ebitda": "-20218582", "netIncome": "-22322588"}, {"fiscalDateEnding": "2020-12-31", "reportedCurrency": "USD", "grossProfit": "-6552349", "totalRevenue": "127663", "costOfRevenue": "6680012", "costofGoodsAndServicesSold": "6680012", "operatingIncome": "-16247830", "sellingGeneralAndAdministrative": "6797443", "researchAndDevelopment": "2364610", "operatingExpenses": "9695481", "investmentIncomeNet": "None", "netInterestIncome": "-152367", "interestIncome": "None", "interestExpense": "152367", "nonInterestIncome": "None", "otherNonOperatingIncome": "212", "depreciation": "None", "depreciationAndAmortization": "1494596", "incomeBeforeTax": "-16399985", "incomeTaxExpense": "152579", "interestAndDebtExpense": "None", "netIncomeFromContinuingOperations": "-16399985", "comprehensiveIncomeNetOfTax": "None", "ebit": "-16247618", "ebitda": "-14753022", "netIncome": "-16399985"}, {"fiscalDateEnding": "2019-12-31", "reportedCurrency": "USD", "grossProfit": "-3387120", "totalRevenue": "186738", "costOfRevenue": "3573858", "costofGoodsAndServicesSold": "3573858", "operatingIncome": "-13178644", "sellingGeneralAndAdministrative": "6723060", "researchAndDevelopment": "2359441", "operatingExpenses": "9791524", "investmentIncomeNet": "None", "netInterestIncome": "-62988", "interestIncome": "49000", "interestExpense": "62988", "nonInterestIncome": "None", "otherNonOperatingIncome": "13990", "depreciation": "None", "depreciationAndAmortization": "1285902", "incomeBeforeTax": "-13227642", "incomeTaxExpense": "76978", "interestAndDebtExpense": "None", "netIncomeFromContinuingOperations": "-13227642", "comprehensiveIncomeNetOfTax": "None", "ebit": "-13164654", "ebitda": "-11878752", "netIncome": "-13227642"}, {"fiscalDateEnding": "2018-12-31", "reportedCurrency": "USD", "grossProfit": "6363", "totalRevenue": "84518", "costOfRevenue": "921542", "costofGoodsAndServicesSold": "921542", "operatingIncome": "-10366000", "sellingGeneralAndAdministrative": "4067710", "researchAndDevelopment": "3459000", "operatingExpenses": "10372000", "investmentIncomeNet": "None", "netInterestIncome": "-22257", "interestIncome": "29500", "interestExpense": "22257", "nonInterestIncome": "None", "otherNonOperatingIncome": "5994", "depreciation": "None", "depreciationAndAmortization": "843387", "incomeBeforeTax": "-10382000", "incomeTaxExpense": "5994", "interestAndDebtExpense": "None", "netIncomeFromContinuingOperations": "-10382059", "comprehensiveIncomeNetOfTax": "None", "ebit": "-10359387", "ebitda": "-9516000", "netIncome": "-10382000"}, {"fiscalDateEnding": "2017-12-31", "reportedCurrency": "USD", "grossProfit": "2501", "totalRevenue": "53278", "costOfRevenue": "235723", "costofGoodsAndServicesSold": "235723", "operatingIncome": "-9232000", "sellingGeneralAndAdministrative": "3921035", "researchAndDevelopment": "3372000", "operatingExpenses": "9235000", "investmentIncomeNet": "None", "netInterestIncome": "-21537", "interestIncome": "27490", "interestExpense": "21537", "nonInterestIncome": "None", "otherNonOperatingIncome": "-5011", "depreciation": "None", "depreciationAndAmortization": "184946", "incomeBeforeTax": "-9259000", "incomeTaxExpense": "15585", "interestAndDebtExpense": "None", "netIncomeFromContinuingOperations": "-9258647", "comprehensiveIncomeNetOfTax": "None", "ebit": "-9236946", "ebitda": "-9052000", "netIncome": "-9259000"}, {"fiscalDateEnding": "2016-12-31", "reportedCurrency": "USD", "grossProfit": "-154000", "totalRevenue": "0", "costOfRevenue": "153996", "costofGoodsAndServicesSold": "153996", "operatingIncome": "-8065000", "sellingGeneralAndAdministrative": "3775000", "researchAndDevelopment": "3429000", "operatingExpenses": "8065000", "investmentIncomeNet": "None", "netInterestIncome": "-402554", "interestIncome": "None", "interestExpense": "402554", "nonInterestIncome": "None", "otherNonOperatingIncome": "None", "depreciation": "None", "depreciationAndAmortization": "153996", "incomeBeforeTax": "-8471000", "incomeTaxExpense": "396640", "interestAndDebtExpense": "None", "netIncomeFromContinuingOperations": "-8470661", "comprehensiveIncomeNetOfTax": "None", "ebit": "-8064996", "ebitda": "-7911000", "netIncome": "-8471000"}, {"fiscalDateEnding": "2015-12-31", "reportedCurrency": "USD", "grossProfit": "-106000", "totalRevenue": "0", "costOfRevenue": "105952", "costofGoodsAndServicesSold": "105952", "operatingIncome": "-7027000", "sellingGeneralAndAdministrative": "2696000", "researchAndDevelopment": "2635000", "operatingExpenses": "7027000", "investmentIncomeNet": "None", "netInterestIncome": "None", "interestIncome": "None", "interestExpense": "0", "nonInterestIncome": "None", "otherNonOperatingIncome": "None", "depreciation": "None", "depreciationAndAmortization": "105952", "incomeBeforeTax": "-7032000", "incomeTaxExpense": "0", "interestAndDebtExpense": "None", "netIncomeFromContinuingOperations": "-7031512", "comprehensiveIncomeNetOfTax": "None", "ebit": "-7028952", "ebitda": "-6923000", "netIncome": "-7032000"}, {"fiscalDateEnding": "2014-12-31", "reportedCurrency": "USD", "grossProfit": "0", "totalRevenue": "0", "costOfRevenue": "0", "costofGoodsAndServicesSold": "0", "operatingIncome": "-7135000", "sellingGeneralAndAdministrative": "3193000", "researchAndDevelopment": "2498000", "operatingExpenses": "7135000", "investmentIncomeNet": "None", "netInterestIncome": "None", "interestIncome": "None", "interestExpense": "0", "nonInterestIncome": "None", "otherNonOperatingIncome": "None", "depreciation": "None", "depreciationAndAmortization": "140742", "incomeBeforeTax": "-7127000", "incomeTaxExpense": "0", "interestAndDebtExpense": "None", "netIncomeFromContinuingOperations": "-7127375", "comprehensiveIncomeNetOfTax": "None", "ebit": "-7135742", "ebitda": "-6995000", "netIncome": "-7127000"}, {"fiscalDateEnding": "2013-12-31", "reportedCurrency": "USD", "grossProfit": "0", "totalRevenue": "0", "costOfRevenue": "0", "costofGoodsAndServicesSold": "0", "operatingIncome": "-4875000", "sellingGeneralAndAdministrative": "2302000", "researchAndDevelopment": "1895000", "operatingExpenses": "4875000", "investmentIncomeNet": "None", "netInterestIncome": "None", "interestIncome": "None", "interestExpense": "530", "nonInterestIncome": "None", "otherNonOperatingIncome": "None", "depreciation": "None", "depreciationAndAmortization": "147101", "incomeBeforeTax": "-4689000", "incomeTaxExpense": "-186000", "interestAndDebtExpense": "None", "netIncomeFromContinuingOperations": "-4689038", "comprehensiveIncomeNetOfTax": "None", "ebit": "-4875101", "ebitda": "-4728000", "netIncome": "-4689000"}, {"fiscalDateEnding": "2012-12-31", "reportedCurrency": "USD", "grossProfit": "None", "totalRevenue": "None", "costOfRevenue": "225416", "costofGoodsAndServicesSold": "225416", "operatingIncome": "-4406000", "sellingGeneralAndAdministrative": "2101000", "researchAndDevelopment": "1629000", "operatingExpenses": "4123000", "investmentIncomeNet": "None", "netInterestIncome": "None", "interestIncome": "None", "interestExpense": "0", "nonInterestIncome": "None", "otherNonOperatingIncome": "None", "depreciation": "None", "depreciationAndAmortization": "225416", "incomeBeforeTax": "-4415000", "incomeTaxExpense": "102806", "interestAndDebtExpense": "None", "netIncomeFromContinuingOperations": "None", "comprehensiveIncomeNetOfTax": "None", "ebit": "-4410416", "ebitda": "-4185000", "netIncome": "-4415000"}, {"fiscalDateEnding": "2011-12-31", "reportedCurrency": "USD", "grossProfit": "None", "totalRevenue": "None", "costOfRevenue": "None", "costofGoodsAndServicesSold": "None", "operatingIncome": "-5416000", "sellingGeneralAndAdministrative": "None", "researchAndDevelopment": "2165000", "operatingExpenses": "5416000", "investmentIncomeNet": "None", "netInterestIncome": "None", "interestIncome": "None", "interestExpense": "3108.20", "nonInterestIncome": "None", "otherNonOperatingIncome": "None", "depreciation": "None", "depreciationAndAmortization": "211357", "incomeBeforeTax": "-2710000", "incomeTaxExpense": "3108", "interestAndDebtExpense": "None", "netIncomeFromContinuingOperations": "None", "comprehensiveIncomeNetOfTax": "None", "ebit": "-2706357", "ebitda": "-2495000", "netIncome": "-2710000"}, {"fiscalDateEnding": "2010-12-31", "reportedCurrency": "USD", "grossProfit": "None", "totalRevenue": "None", "costOfRevenue": "None", "costofGoodsAndServicesSold": "None", "operatingIncome": "-5319000", "sellingGeneralAndAdministrative": "None", "researchAndDevelopment": "1949000", "operatingExpenses": "5319000", "investmentIncomeNet": "None", "netInterestIncome": "None", "interestIncome": "None", "interestExpense": "1565.70", "nonInterestIncome": "None", "otherNonOperatingIncome": "None", "depreciation": "None", "depreciationAndAmortization": "231723", "incomeBeforeTax": "-5321000", "incomeTaxExpense": "0", "interestAndDebtExpense": "None", "netIncomeFromContinuingOperations": "None", "comprehensiveIncomeNetOfTax": "None", "ebit": "-5306723", "ebitda": "-5075000", "netIncome": "-5320000"}, {"fiscalDateEnding": "2009-12-31", "reportedCurrency": "USD", "grossProfit": "None", "totalRevenue": "None", "costOfRevenue": "None", "costofGoodsAndServicesSold": "None", "operatingIncome": "-4923000", "sellingGeneralAndAdministrative": "None", "researchAndDevelopment": "1680000", "operatingExpenses": "4923000", "investmentIncomeNet": "None", "netInterestIncome": "None", "interestIncome": "None", "interestExpense": "0", "nonInterestIncome": "None", "otherNonOperatingIncome": "None", "depreciation": "None", "depreciationAndAmortization": "328230", "incomeBeforeTax": "-4836000", "incomeTaxExpense": "0.10", "interestAndDebtExpense": "None", "netIncomeFromContinuingOperations": "None", "comprehensiveIncomeNetOfTax": "None", "ebit": "-4814230", "ebitda": "-4486000", "netIncome": "-4836000"}, {"fiscalDateEnding": "2008-12-31", "reportedCurrency": "USD", "grossProfit": "17498", "totalRevenue": "56869", "costOfRevenue": "39371", "costofGoodsAndServicesSold": "39371", "operatingIncome": "-7064000", "sellingGeneralAndAdministrative": "None", "researchAndDevelopment": "2343000", "operatingExpenses": "7081000", "investmentIncomeNet": "None", "netInterestIncome": "None", "interestIncome": "None", "interestExpense": "87530", "nonInterestIncome": "None", "otherNonOperatingIncome": "None", "depreciation": "None", "depreciationAndAmortization": "312054", "incomeBeforeTax": "-6657000", "incomeTaxExpense": "810759", "interestAndDebtExpense": "None", "netIncomeFromContinuingOperations": "None", "comprehensiveIncomeNetOfTax": "None", "ebit": "-5846054", "ebitda": "-5534000", "netIncome": "-6657000"}, {"fiscalDateEnding": "2007-12-31", "reportedCurrency": "USD", "grossProfit": "82316", "totalRevenue": "281078", "costOfRevenue": "198762", "costofGoodsAndServicesSold": "198762", "operatingIncome": "-7876000", "sellingGeneralAndAdministrative": "None", "researchAndDevelopment": "2435000", "operatingExpenses": "7959000", "investmentIncomeNet": "None", "netInterestIncome": "None", "interestIncome": "None", "interestExpense": "28766", "nonInterestIncome": "None", "otherNonOperatingIncome": "None", "depreciation": "None", "depreciationAndAmortization": "232893", "incomeBeforeTax": "-6854000", "incomeTaxExpense": "0", "interestAndDebtExpense": "None", "netIncomeFromContinuingOperations": "None", "comprehensiveIncomeNetOfTax": "None", "ebit": "-7875893", "ebitda": "-7643000", "netIncome": "-6854000"}, {"fiscalDateEnding": "2006-12-31", "reportedCurrency": "USD", "grossProfit": "309274", "totalRevenue": "642681", "costOfRevenue": "333407", "costofGoodsAndServicesSold": "333407", "operatingIncome": "-7916000", "sellingGeneralAndAdministrative": "None", "researchAndDevelopment": "3536000", "operatingExpenses": "8051000", "investmentIncomeNet": "None", "netInterestIncome": "None", "interestIncome": "None", "interestExpense": "141357", "nonInterestIncome": "None", "otherNonOperatingIncome": "None", "depreciation": "None", "depreciationAndAmortization": "243449", "incomeBeforeTax": "-8057000", "incomeTaxExpense": "0", "interestAndDebtExpense": "None", "netIncomeFromContinuingOperations": "None", "comprehensiveIncomeNetOfTax": "None", "ebit": "-7916449", "ebitda": "-7673000", "netIncome": "-8057000"}, {"fiscalDateEnding": "2005-12-31", "reportedCurrency": "USD", "grossProfit": "295891", "totalRevenue": "777575", "costOfRevenue": "481684", "costofGoodsAndServicesSold": "481684", "operatingIncome": "-5140000", "sellingGeneralAndAdministrative": "None", "researchAndDevelopment": "2809000", "operatingExpenses": "5436000", "investmentIncomeNet": "None", "netInterestIncome": "None", "interestIncome": "None", "interestExpense": "2359000", "nonInterestIncome": "None", "otherNonOperatingIncome": "None", "depreciation": "None", "depreciationAndAmortization": "201275", "incomeBeforeTax": "-7499000", "incomeTaxExpense": "0", "interestAndDebtExpense": "None", "netIncomeFromContinuingOperations": "None", "comprehensiveIncomeNetOfTax": "None", "ebit": "-5140275", "ebitda": "-4939000", "netIncome": "-7499000"}], "quarterlyReports": [{"fiscalDateEnding": "2025-09-30", "reportedCurrency": "USD", "grossProfit": "None", "totalRevenue": "0", "costOfRevenue": "None", "costofGoodsAndServicesSold": "None", "operatingIncome": "-1412112", "sellingGeneralAndAdministrative": "1412112000", "researchAndDevelopment": "0", "operatingExpenses": "1412112", "investmentIncomeNet": "None", "netInterestIncome": "0", "interestIncome": "None", "interestExpense": "0", "nonInterestIncome": "None", "otherNonOperatingIncome": "None", "depreciation": "None", "depreciationAndAmortization": "None", "incomeBeforeTax": "-1484330", "incomeTaxExpense": "None", "interestAndDebtExpense": "None", "netIncomeFromContinuingOperations": "-1484330", "comprehensiveIncomeNetOfTax": "None", "ebit": "None", "ebitda": "-1484329", "netIncome": "-1380773"}, {"fiscalDateEnding": "2025-06-30", "reportedCurrency": "USD", "grossProfit": "None", "totalRevenue": "0", "costOfRevenue": "None", "costofGoodsAndServicesSold": "None", "operatingIncome": "-1768596", "sellingGeneralAndAdministrative": "1768596", "researchAndDevelopment": "0", "operatingExpenses": "1768596", "investmentIncomeNet": "None", "netInterestIncome": "-90585", "interestIncome": "None", "interestExpense": "90585", "nonInterestIncome": "None", "otherNonOperatingIncome": "None", "depreciation": "None", "depreciationAndAmortization": "226034", "incomeBeforeTax": "-3387912", "incomeTaxExpense": "None", "interestAndDebtExpense": "None", "netIncomeFromContinuingOperations": "-3387912", "comprehensiveIncomeNetOfTax": "None", "ebit": "-3297328", "ebitda": "-3071294", "netIncome": "-3373037"}, {"fiscalDateEnding": "2025-03-31", "reportedCurrency": "USD", "grossProfit": "None", "totalRevenue": "0", "costOfRevenue": "None", "costofGoodsAndServicesSold": "None", "operatingIncome": "-1260000", "sellingGeneralAndAdministrative": "1560436", "researchAndDevelopment": "0", "operatingExpenses": "1260000", "investmentIncomeNet": "None", "netInterestIncome": "-133650", "interestIncome": "None", "interestExpense": "133650", "nonInterestIncome": "None", "otherNonOperatingIncome": "None", "depreciation": "None", "depreciationAndAmortization": "226034", "incomeBeforeTax": "609764", "incomeTaxExpense": "None", "interestAndDebtExpense": "None", "netIncomeFromContinuingOperations": "609764", "comprehensiveIncomeNetOfTax": "None", "ebit": "743414", "ebitda": "969448", "netIncome": "401135"}, {"fiscalDateEnding": "2024-12-31", "reportedCurrency": "USD", "grossProfit": "-705262", "totalRevenue": "-705262", "costOfRevenue": "7265000", "costofGoodsAndServicesSold": "7265000", "operatingIncome": "-48609570", "sellingGeneralAndAdministrative": "1294714", "researchAndDevelopment": "33088", "operatingExpenses": "47904308", "investmentIncomeNet": "None", "netInterestIncome": "-55529", "interestIncome": "None", "interestExpense": "55529", "nonInterestIncome": "None", "otherNonOperatingIncome": "None", "depreciation": "None", "depreciationAndAmortization": "35844", "incomeBeforeTax": "-48676113", "incomeTaxExpense": "7", "interestAndDebtExpense": "None", "netIncomeFromContinuingOperations": "-48676113", "comprehensiveIncomeNetOfTax": "None", "ebit": "-48620584", "ebitda": "-48584740", "netIncome": "-84115840"}, {"fiscalDateEnding": "2024-09-30", "reportedCurrency": "USD", "grossProfit": "-377245", "totalRevenue": "47812", "costOfRevenue": "425057", "costofGoodsAndServicesSold": "425057", "operatingIncome": "-2361319", "sellingGeneralAndAdministrative": "1887814", "researchAndDevelopment": "52093", "operatingExpenses": "1984074", "investmentIncomeNet": "None", "netInterestIncome": "-1030949", "interestIncome": "None", "interestExpense": "1031000", "nonInterestIncome": "None", "otherNonOperatingIncome": "None", "depreciation": "None", "depreciationAndAmortization": "145775", "incomeBeforeTax": "-3404331", "incomeTaxExpense": "-145775", "interestAndDebtExpense": "None", "netIncomeFromContinuingOperations": "-3404331", "comprehensiveIncomeNetOfTax": "None", "ebit": "-2373382", "ebitda": "-2227607", "netIncome": "-3404331"}, {"fiscalDateEnding": "2024-06-30", "reportedCurrency": "USD", "grossProfit": "-139456", "totalRevenue": "180182", "costOfRevenue": "139456", "costofGoodsAndServicesSold": "139456", "operatingIncome": "-3294970", "sellingGeneralAndAdministrative": "3446560", "researchAndDevelopment": "76766", "operatingExpenses": "3155514", "investmentIncomeNet": "None", "netInterestIncome": "-989976", "interestIncome": "None", "interestExpense": "989976", "nonInterestIncome": "None", "otherNonOperatingIncome": "None", "depreciation": "None", "depreciationAndAmortization": "139456", "incomeBeforeTax": "-30529825", "incomeTaxExpense": "-3", "interestAndDebtExpense": "None", "netIncomeFromContinuingOperations": "-50514241", "comprehensiveIncomeNetOfTax": "None", "ebit": "-29566793", "ebitda": "-29427337", "netIncome": "-50514241"}, {"fiscalDateEnding": "2024-03-31", "reportedCurrency": "USD", "grossProfit": "-575544", "totalRevenue": "553250", "costOfRevenue": "575544", "costofGoodsAndServicesSold": "575544", "operatingIncome": "-2526717", "sellingGeneralAndAdministrative": "2389234", "researchAndDevelopment": "73850", "operatingExpenses": "1951173", "investmentIncomeNet": "None", "netInterestIncome": "-208563", "interestIncome": "None", "interestExpense": "208563", "nonInterestIncome": "None", "otherNonOperatingIncome": "None", "depreciation": "None", "depreciationAndAmortization": "575544", "incomeBeforeTax": "-2710405", "incomeTaxExpense": "-4", "interestAndDebtExpense": "None", "netIncomeFromContinuingOperations": "-11158248", "comprehensiveIncomeNetOfTax": "None", "ebit": "-2529167", "ebitda": "-1953623", "netIncome": "-11158248"}, {"fiscalDateEnding": "2023-12-31", "reportedCurrency": "USD", "grossProfit": "-3282227", "totalRevenue": "553250", "costOfRevenue": "3835477", "costofGoodsAndServicesSold": "3835477", "operatingIncome": "-8317041", "sellingGeneralAndAdministrative": "4816523", "researchAndDevelopment": "218291", "operatingExpenses": "8870291", "investmentIncomeNet": "None", "netInterestIncome": "-108158", "interestIncome": "None", "interestExpense": "108158", "nonInterestIncome": "None", "otherNonOperatingIncome": "None", "depreciation": "None", "depreciationAndAmortization": "None", "incomeBeforeTax": "-8424974", "incomeTaxExpense": "None", "interestAndDebtExpense": "None", "netIncomeFromContinuingOperations": "-8424974", "comprehensiveIncomeNetOfTax": "None", "ebit": "-8317041", "ebitda": "None", "netIncome": "-8424974"}, {"fiscalDateEnding": "2023-09-30", "reportedCurrency": "USD", "grossProfit": "-3363000", "totalRevenue": "733133", "costOfRevenue": "4096000", "costofGoodsAndServicesSold": "4096000", "operatingIncome": "-6074000", "sellingGeneralAndAdministrative": "2335000", "researchAndDevelopment": "184221", "operatingExpenses": "2711000", "investmentIncomeNet": "None", "netInterestIncome": "-63746", "interestIncome": "None", "interestExpense": "63746", "nonInterestIncome": "None", "otherNonOperatingIncome": "None", "depreciation": "None", "depreciationAndAmortization": "540784", "incomeBeforeTax": "-6138000", "incomeTaxExpense": "-541000", "interestAndDebtExpense": "None", "netIncomeFromContinuingOperations": "-6138113", "comprehensiveIncomeNetOfTax": "None", "ebit": "-6074784", "ebitda": "-5534000", "netIncome": "-6138000"}, {"fiscalDateEnding": "2023-06-30", "reportedCurrency": "USD", "grossProfit": "-3002000", "totalRevenue": "788430", "costOfRevenue": "3791000", "costofGoodsAndServicesSold": "3791000", "operatingIncome": "-6443000", "sellingGeneralAndAdministrative": "3068000", "researchAndDevelopment": "178394", "operatingExpenses": "3440000", "investmentIncomeNet": "None", "netInterestIncome": "-65789", "interestIncome": "None", "interestExpense": "65789", "nonInterestIncome": "None", "otherNonOperatingIncome": "None", "depreciation": "None", "depreciationAndAmortization": "534750", "incomeBeforeTax": "-6509000", "incomeTaxExpense": "65461", "interestAndDebtExpense": "None", "netIncomeFromContinuingOperations": "-6508746", "comprehensiveIncomeNetOfTax": "None", "ebit": "-6442750", "ebitda": "-5908000", "netIncome": "-6509000"}, {"fiscalDateEnding": "2023-03-31", "reportedCurrency": "USD", "grossProfit": "-3161394", "totalRevenue": "397846", "costOfRevenue": "3559240", "costofGoodsAndServicesSold": "3559240", "operatingIncome": "-6483078", "sellingGeneralAndAdministrative": "3000482", "researchAndDevelopment": "122917", "operatingExpenses": "3321684", "investmentIncomeNet": "None", "netInterestIncome": "-66274", "interestIncome": "None", "interestExpense": "66274", "nonInterestIncome": "None", "otherNonOperatingIncome": "None", "depreciation": "None", "depreciationAndAmortization": "531726", "incomeBeforeTax": "-6486068", "incomeTaxExpense": "69264000", "interestAndDebtExpense": "None", "netIncomeFromContinuingOperations": "-6486068", "comprehensiveIncomeNetOfTax": "None", "ebit": "-6419794", "ebitda": "-5888068", "netIncome": "-6486068"}, {"fiscalDateEnding": "2022-12-31", "reportedCurrency": "USD", "grossProfit": "-3135884", "totalRevenue": "450935", "costOfRevenue": "3586819", "costofGoodsAndServicesSold": "3586819", "operatingIncome": "-6112583", "sellingGeneralAndAdministrative": "2292180", "researchAndDevelopment": "307902", "operatingExpenses": "2976699", "investmentIncomeNet": "None", "netInterestIncome": "-68882", "interestIncome": "None", "interestExpense": "68882", "nonInterestIncome": "None", "otherNonOperatingIncome": "None", "depreciation": "None", "depreciationAndAmortization": "523402", "incomeBeforeTax": "-6069300", "incomeTaxExpense": "-43283", "interestAndDebtExpense": "None", "netIncomeFromContinuingOperations": "-6069300", "comprehensiveIncomeNetOfTax": "None", "ebit": "-6112583", "ebitda": "-5589181", "netIncome": "-6069300"}, {"fiscalDateEnding": "2022-09-30", "reportedCurrency": "USD", "grossProfit": "-2864864", "totalRevenue": "653432", "costOfRevenue": "3518296", "costofGoodsAndServicesSold": "3518296", "operatingIncome": "-5536610", "sellingGeneralAndAdministrative": "2264755", "researchAndDevelopment": "220598", "operatingExpenses": "2671746", "investmentIncomeNet": "None", "netInterestIncome": "-72313", "interestIncome": "None", "interestExpense": "72313", "nonInterestIncome": "None", "otherNonOperatingIncome": "None", "depreciation": "None", "depreciationAndAmortization": "513089", "incomeBeforeTax": "-5440127", "incomeTaxExpense": "241109", "interestAndDebtExpense": "None", "netIncomeFromContinuingOperations": "-5440127", "comprehensiveIncomeNetOfTax": "None", "ebit": "-5367814", "ebitda": "-4854725", "netIncome": "-5440127"}, {"fiscalDateEnding": "2022-06-30", "reportedCurrency": "USD", "grossProfit": "-2180400", "totalRevenue": "1069706", "costOfRevenue": "3250106", "costofGoodsAndServicesSold": "3250106", "operatingIncome": "-5570539", "sellingGeneralAndAdministrative": "2831930", "researchAndDevelopment": "208292", "operatingExpenses": "3390139", "investmentIncomeNet": "None", "netInterestIncome": "-74694", "interestIncome": "None", "interestExpense": "74694", "nonInterestIncome": "None", "otherNonOperatingIncome": "109191", "depreciation": "None", "depreciationAndAmortization": "497729", "incomeBeforeTax": "-5536042", "incomeTaxExpense": "-34497", "interestAndDebtExpense": "None", "netIncomeFromContinuingOperations": "-5536042", "comprehensiveIncomeNetOfTax": "None", "ebit": "-5461348", "ebitda": "-4963619", "netIncome": "-5536042"}, {"fiscalDateEnding": "2022-03-31", "reportedCurrency": "USD", "grossProfit": "-2312809", "totalRevenue": "962881", "costOfRevenue": "3275690", "costofGoodsAndServicesSold": "3275690", "operatingIncome": "-5103806", "sellingGeneralAndAdministrative": "2376236", "researchAndDevelopment": "167189", "operatingExpenses": "2790997", "investmentIncomeNet": "None", "netInterestIncome": "-75288", "interestIncome": "None", "interestExpense": "75288", "nonInterestIncome": "None", "otherNonOperatingIncome": "67368", "depreciation": "None", "depreciationAndAmortization": "490563", "incomeBeforeTax": "-5111726", "incomeTaxExpense": "7920", "interestAndDebtExpense": "None", "netIncomeFromContinuingOperations": "-5111726", "comprehensiveIncomeNetOfTax": "None", "ebit": "-5036438", "ebitda": "-4545875", "netIncome": "-5111726"}, {"fiscalDateEnding": "2021-12-31", "reportedCurrency": "USD", "grossProfit": "-2655148", "totalRevenue": "417670", "costOfRevenue": "3072818", "costofGoodsAndServicesSold": "3072818", "operatingIncome": "-6042359", "sellingGeneralAndAdministrative": "2540592", "researchAndDevelopment": "633209", "operatingExpenses": "3387211", "investmentIncomeNet": "None", "netInterestIncome": "-77939", "interestIncome": "None", "interestExpense": "77939", "nonInterestIncome": "None", "otherNonOperatingIncome": "52177", "depreciation": "None", "depreciationAndAmortization": "479502", "incomeBeforeTax": "-6068121", "incomeTaxExpense": "264581", "interestAndDebtExpense": "None", "netIncomeFromContinuingOperations": "-6068121", "comprehensiveIncomeNetOfTax": "None", "ebit": "-6042359", "ebitda": "-5562857", "netIncome": "-6068121"}, {"fiscalDateEnding": "2021-09-30", "reportedCurrency": "USD", "grossProfit": "-3856000", "totalRevenue": "455397", "costOfRevenue": "4311000", "costofGoodsAndServicesSold": "4311000", "operatingIncome": "-6815000", "sellingGeneralAndAdministrative": "2177000", "researchAndDevelopment": "580346", "operatingExpenses": "2959000", "investmentIncomeNet": "None", "netInterestIncome": "-79489", "interestIncome": "None", "interestExpense": "79489", "nonInterestIncome": "None", "otherNonOperatingIncome": "29593", "depreciation": "None", "depreciationAndAmortization": "450220", "incomeBeforeTax": "-6865000", "incomeTaxExpense": "109082", "interestAndDebtExpense": "None", "netIncomeFromContinuingOperations": "-6864839", "comprehensiveIncomeNetOfTax": "None", "ebit": "-6785220", "ebitda": "-6335000", "netIncome": "-6865000"}, {"fiscalDateEnding": "2021-06-30", "reportedCurrency": "USD", "grossProfit": "-1620203", "totalRevenue": "227393", "costOfRevenue": "1847596", "costofGoodsAndServicesSold": "1847596", "operatingIncome": "-5179415", "sellingGeneralAndAdministrative": "2578958", "researchAndDevelopment": "431373", "operatingExpenses": "3559212", "investmentIncomeNet": "None", "netInterestIncome": "-80210", "interestIncome": "None", "interestExpense": "80210", "nonInterestIncome": "None", "otherNonOperatingIncome": "28888", "depreciation": "None", "depreciationAndAmortization": "435657", "incomeBeforeTax": "-5230737", "incomeTaxExpense": "109098", "interestAndDebtExpense": "None", "netIncomeFromContinuingOperations": "-5230737", "comprehensiveIncomeNetOfTax": "None", "ebit": "-5150527", "ebitda": "-4714870", "netIncome": "-5230737"}, {"fiscalDateEnding": "2021-03-31", "reportedCurrency": "USD", "grossProfit": "-1480283", "totalRevenue": "74372", "costOfRevenue": "1554655", "costofGoodsAndServicesSold": "1554655", "operatingIncome": "-4085048", "sellingGeneralAndAdministrative": "1785510", "researchAndDevelopment": "500620", "operatingExpenses": "2604765", "investmentIncomeNet": "None", "netInterestIncome": "-78804", "interestIncome": "None", "interestExpense": "78804", "nonInterestIncome": "None", "otherNonOperatingIncome": "4961", "depreciation": "None", "depreciationAndAmortization": "422185", "incomeBeforeTax": "-4158891", "incomeTaxExpense": "83765", "interestAndDebtExpense": "None", "netIncomeFromContinuingOperations": "-4158891", "comprehensiveIncomeNetOfTax": "None", "ebit": "-4080087", "ebitda": "-3657902", "netIncome": "-4158891"}, {"fiscalDateEnding": "2020-12-31", "reportedCurrency": "USD", "grossProfit": "-3391000", "totalRevenue": "50197", "costOfRevenue": "3441000", "costofGoodsAndServicesSold": "3441000", "operatingIncome": "-6038000", "sellingGeneralAndAdministrative": "1744000", "researchAndDevelopment": "701731", "operatingExpenses": "2647000", "investmentIncomeNet": "None", "netInterestIncome": "-78840", "interestIncome": "None", "interestExpense": "78840", "nonInterestIncome": "None", "otherNonOperatingIncome": "197", "depreciation": "None", "depreciationAndAmortization": "412335", "incomeBeforeTax": "-6117000", "incomeTaxExpense": "79037", "interestAndDebtExpense": "None", "netIncomeFromContinuingOperations": "-6116895", "comprehensiveIncomeNetOfTax": "None", "ebit": "-6038335", "ebitda": "-5626000", "netIncome": "-6117000"}, {"fiscalDateEnding": "2020-09-30", "reportedCurrency": "USD", "grossProfit": "-1288176", "totalRevenue": "67763", "costOfRevenue": "1355939", "costofGoodsAndServicesSold": "1355939", "operatingIncome": "-3613158", "sellingGeneralAndAdministrative": "1722874", "researchAndDevelopment": "458462", "operatingExpenses": "2324982", "investmentIncomeNet": "None", "netInterestIncome": "-38335", "interestIncome": "None", "interestExpense": "38335", "nonInterestIncome": "None", "otherNonOperatingIncome": "1705", "depreciation": "None", "depreciationAndAmortization": "380668", "incomeBeforeTax": "-3649788", "incomeTaxExpense": "40040", "interestAndDebtExpense": "None", "netIncomeFromContinuingOperations": "-3649788", "comprehensiveIncomeNetOfTax": "None", "ebit": "-3611453", "ebitda": "-3230785", "netIncome": "-3649788"}, {"fiscalDateEnding": "2020-06-30", "reportedCurrency": "USD", "grossProfit": "-1038366", "totalRevenue": "2950", "costOfRevenue": "1041316", "costofGoodsAndServicesSold": "1041316", "operatingIncome": "-3504999", "sellingGeneralAndAdministrative": "1693544", "researchAndDevelopment": "635655", "operatingExpenses": "2466633", "investmentIncomeNet": "None", "netInterestIncome": "-18147", "interestIncome": "None", "interestExpense": "18147", "nonInterestIncome": "None", "otherNonOperatingIncome": "-538", "depreciation": "None", "depreciationAndAmortization": "353734", "incomeBeforeTax": "-3523684", "incomeTaxExpense": "-336000", "interestAndDebtExpense": "None", "netIncomeFromContinuingOperations": "-3523684", "comprehensiveIncomeNetOfTax": "None", "ebit": "-3505537", "ebitda": "-3151803", "netIncome": "-3523684"}, {"fiscalDateEnding": "2020-03-31", "reportedCurrency": "USD", "grossProfit": "-834681", "totalRevenue": "6753", "costOfRevenue": "841434", "costofGoodsAndServicesSold": "841434", "operatingIncome": "-3091421", "sellingGeneralAndAdministrative": "1637190", "researchAndDevelopment": "568762", "operatingExpenses": "2256740", "investmentIncomeNet": "None", "netInterestIncome": "-17045", "interestIncome": "18200", "interestExpense": "17045", "nonInterestIncome": "None", "otherNonOperatingIncome": "-1152", "depreciation": "None", "depreciationAndAmortization": "347859", "incomeBeforeTax": "-3109618", "incomeTaxExpense": "-332000", "interestAndDebtExpense": "None", "netIncomeFromContinuingOperations": "-3109618", "comprehensiveIncomeNetOfTax": "None", "ebit": "-3092573", "ebitda": "-2744714", "netIncome": "-3109618"}, {"fiscalDateEnding": "2019-12-31", "reportedCurrency": "USD", "grossProfit": "-877817", "totalRevenue": "46367", "costOfRevenue": "924184", "costofGoodsAndServicesSold": "924184", "operatingIncome": "-3403639", "sellingGeneralAndAdministrative": "1761391", "researchAndDevelopment": "435929", "operatingExpenses": "2525822", "investmentIncomeNet": "None", "netInterestIncome": "-17505", "interestIncome": "6570", "interestExpense": "17505", "nonInterestIncome": "None", "otherNonOperatingIncome": "None", "depreciation": "None", "depreciationAndAmortization": "357426", "incomeBeforeTax": "-3418757", "incomeTaxExpense": "19892", "interestAndDebtExpense": "None", "netIncomeFromContinuingOperations": "-3418757", "comprehensiveIncomeNetOfTax": "None", "ebit": "-3300523", "ebitda": "-2943097", "netIncome": "-3418757"}, {"fiscalDateEnding": "2019-09-30", "reportedCurrency": "USD", "grossProfit": "-846000", "totalRevenue": "0", "costOfRevenue": "846306", "costofGoodsAndServicesSold": "846306", "operatingIncome": "-3000000", "sellingGeneralAndAdministrative": "1500448", "researchAndDevelopment": "446582", "operatingExpenses": "3000000", "investmentIncomeNet": "None", "netInterestIncome": "-17933", "interestIncome": "18630", "interestExpense": "17933", "nonInterestIncome": "None", "otherNonOperatingIncome": "-697", "depreciation": "None", "depreciationAndAmortization": "351880", "incomeBeforeTax": "-3018000", "incomeTaxExpense": "17236", "interestAndDebtExpense": "None", "netIncomeFromContinuingOperations": "-3018222", "comprehensiveIncomeNetOfTax": "None", "ebit": "-2999880", "ebitda": "-2648000", "netIncome": "-3018000"}, {"fiscalDateEnding": "2019-06-30", "reportedCurrency": "USD", "grossProfit": "-899000", "totalRevenue": "42486", "costOfRevenue": "941113", "costofGoodsAndServicesSold": "941113", "operatingIncome": "-4020000", "sellingGeneralAndAdministrative": "3106000", "researchAndDevelopment": "813449", "operatingExpenses": "3121000", "investmentIncomeNet": "None", "netInterestIncome": "-14212", "interestIncome": "15560", "interestExpense": "14212", "nonInterestIncome": "None", "otherNonOperatingIncome": "7200", "depreciation": "None", "depreciationAndAmortization": "291288", "incomeBeforeTax": "-4027000", "incomeTaxExpense": "-278000", "interestAndDebtExpense": "None", "netIncomeFromContinuingOperations": "-4026731", "comprehensiveIncomeNetOfTax": "None", "ebit": "-4012288", "ebitda": "-3721000", "netIncome": "-4027000"}, {"fiscalDateEnding": "2019-03-31", "reportedCurrency": "USD", "grossProfit": "-269000", "totalRevenue": "97885", "costOfRevenue": "862255", "costofGoodsAndServicesSold": "862255", "operatingIncome": "-2756000", "sellingGeneralAndAdministrative": "1255851", "researchAndDevelopment": "663481", "operatingExpenses": "2772000", "investmentIncomeNet": "None", "netInterestIncome": "-13338", "interestIncome": "8240", "interestExpense": "13338", "nonInterestIncome": "None", "otherNonOperatingIncome": "5100", "depreciation": "None", "depreciationAndAmortization": "285308", "incomeBeforeTax": "-2764000", "incomeTaxExpense": "18438", "interestAndDebtExpense": "None", "netIncomeFromContinuingOperations": "-2763931", "comprehensiveIncomeNetOfTax": "None", "ebit": "-2750308", "ebitda": "-2465000", "netIncome": "-2764000"}, {"fiscalDateEnding": "2018-12-31", "reportedCurrency": "USD", "grossProfit": "823", "totalRevenue": "6585", "costOfRevenue": "291431", "costofGoodsAndServicesSold": "291431", "operatingIncome": "-2417714", "sellingGeneralAndAdministrative": "1548682", "researchAndDevelopment": "795167", "operatingExpenses": "2418537", "investmentIncomeNet": "None", "netInterestIncome": "None", "interestIncome": "None", "interestExpense": "6403", "nonInterestIncome": "None", "otherNonOperatingIncome": "None", "depreciation": "None", "depreciationAndAmortization": "285669", "incomeBeforeTax": "-2424095", "incomeTaxExpense": "4937", "interestAndDebtExpense": "None", "netIncomeFromContinuingOperations": "-2424095", "comprehensiveIncomeNetOfTax": "None", "ebit": "-2417692", "ebitda": "-2132023", "netIncome": "-2424095"}, {"fiscalDateEnding": "2018-09-30", "reportedCurrency": "USD", "grossProfit": "2064", "totalRevenue": "10938", "costOfRevenue": "8874", "costofGoodsAndServicesSold": "8874", "operatingIncome": "-2720027", "sellingGeneralAndAdministrative": "1852362", "researchAndDevelopment": "804758", "operatingExpenses": "2722091", "investmentIncomeNet": "None", "netInterestIncome": "None", "interestIncome": "None", "interestExpense": "5169", "nonInterestIncome": "None", "otherNonOperatingIncome": "-1832", "depreciation": "None", "depreciationAndAmortization": "284072", "incomeBeforeTax": "-2727028", "incomeTaxExpense": "3337", "interestAndDebtExpense": "None", "netIncomeFromContinuingOperations": "-2727028", "comprehensiveIncomeNetOfTax": "None", "ebit": "-2721859", "ebitda": "-2437787", "netIncome": "-2727028"}, {"fiscalDateEnding": "2018-06-30", "reportedCurrency": "USD", "grossProfit": "611", "totalRevenue": "47898", "costOfRevenue": "47287", "costofGoodsAndServicesSold": "47287", "operatingIncome": "-2784583", "sellingGeneralAndAdministrative": "1827991", "researchAndDevelopment": "880822", "operatingExpenses": "2785194", "investmentIncomeNet": "None", "netInterestIncome": "None", "interestIncome": "None", "interestExpense": "5283", "nonInterestIncome": "None", "otherNonOperatingIncome": "8717", "depreciation": "None", "depreciationAndAmortization": "206196", "incomeBeforeTax": "-2781149", "incomeTaxExpense": "3415", "interestAndDebtExpense": "None", "netIncomeFromContinuingOperations": "-2781149", "comprehensiveIncomeNetOfTax": "None", "ebit": "-2775866", "ebitda": "-2569670", "netIncome": "-2781149"}, {"fiscalDateEnding": "2018-03-31", "reportedCurrency": "USD", "grossProfit": "2865", "totalRevenue": "19097", "costOfRevenue": "16232", "costofGoodsAndServicesSold": "16232", "operatingIncome": "-2443472", "sellingGeneralAndAdministrative": "1386873", "researchAndDevelopment": "977817", "operatingExpenses": "2446337", "investmentIncomeNet": "None", "netInterestIncome": "None", "interestIncome": "None", "interestExpense": "5402", "nonInterestIncome": "None", "otherNonOperatingIncome": "-913", "depreciation": "None", "depreciationAndAmortization": "67450", "incomeBeforeTax": "-2449787", "incomeTaxExpense": "3329", "interestAndDebtExpense": "None", "netIncomeFromContinuingOperations": "-2449787", "comprehensiveIncomeNetOfTax": "None", "ebit": "-2444385", "ebitda": "-2376935", "netIncome": "-2449787"}, {"fiscalDateEnding": "2017-12-31", "reportedCurrency": "USD", "grossProfit": "2498000", "totalRevenue": "53225000", "costOfRevenue": "50726000", "costofGoodsAndServicesSold": "50726000", "operatingIncome": "-2657000", "sellingGeneralAndAdministrative": "1610000", "researchAndDevelopment": "854525", "operatingExpenses": "2657000", "investmentIncomeNet": "None", "netInterestIncome": "None", "interestIncome": "None", "interestExpense": "5407", "nonInterestIncome": "None", "otherNonOperatingIncome": "None", "depreciation": "None", "depreciationAndAmortization": "47717", "incomeBeforeTax": "-2663000", "incomeTaxExpense": "3321", "interestAndDebtExpense": "None", "netIncomeFromContinuingOperations": "-8943557", "comprehensiveIncomeNetOfTax": "None", "ebit": "-2657717", "ebitda": "-2610000", "netIncome": "-2663000"}, {"fiscalDateEnding": "2017-09-30", "reportedCurrency": "USD", "grossProfit": "0", "totalRevenue": "53000", "costOfRevenue": "2394000", "costofGoodsAndServicesSold": "2394000", "operatingIncome": "-2439230", "sellingGeneralAndAdministrative": "1382380", "researchAndDevelopment": "860903", "operatingExpenses": "2439230", "investmentIncomeNet": "None", "netInterestIncome": "None", "interestIncome": "None", "interestExpense": "5597", "nonInterestIncome": "None", "otherNonOperatingIncome": "-1392", "depreciation": "None", "depreciationAndAmortization": "45660", "incomeBeforeTax": "-2446219", "incomeTaxExpense": "4205", "interestAndDebtExpense": "None", "netIncomeFromContinuingOperations": "-2446219", "comprehensiveIncomeNetOfTax": "None", "ebit": "-2440622", "ebitda": "-2394962", "netIncome": "-2446219"}, {"fiscalDateEnding": "2017-06-30", "reportedCurrency": "USD", "grossProfit": "2501", "totalRevenue": "53278", "costOfRevenue": "50777", "costofGoodsAndServicesSold": "50777", "operatingIncome": "-2087073", "sellingGeneralAndAdministrative": "950348", "researchAndDevelopment": "936317", "operatingExpenses": "2089575", "investmentIncomeNet": "None", "netInterestIncome": "None", "interestIncome": "None", "interestExpense": "5253", "nonInterestIncome": "None", "otherNonOperatingIncome": "-1109", "depreciation": "None", "depreciationAndAmortization": "44696", "incomeBeforeTax": "-2093436", "incomeTaxExpense": "4144", "interestAndDebtExpense": "None", "netIncomeFromContinuingOperations": "-2093436", "comprehensiveIncomeNetOfTax": "None", "ebit": "-2088183", "ebitda": "-2043487", "netIncome": "-2093436"}, {"fiscalDateEnding": "2017-03-31", "reportedCurrency": "USD", "grossProfit": "0", "totalRevenue": "0", "costOfRevenue": "2003000", "costofGoodsAndServicesSold": "2003000", "operatingIncome": "-2049098", "sellingGeneralAndAdministrative": "1120788", "researchAndDevelopment": "720022", "operatingExpenses": "2049098", "investmentIncomeNet": "None", "netInterestIncome": "None", "interestIncome": "None", "interestExpense": "5280", "nonInterestIncome": "None", "otherNonOperatingIncome": "-1365", "depreciation": "None", "depreciationAndAmortization": "46873", "incomeBeforeTax": "-2055743", "incomeTaxExpense": "3915", "interestAndDebtExpense": "None", "netIncomeFromContinuingOperations": "-2055743", "comprehensiveIncomeNetOfTax": "None", "ebit": "-2050463", "ebitda": "-2003590", "netIncome": "-2055743"}, {"fiscalDateEnding": "2016-12-31", "reportedCurrency": "USD", "grossProfit": "-8065000", "totalRevenue": "0", "costOfRevenue": "8065000", "costofGoodsAndServicesSold": "8065000", "operatingIncome": "-2281000", "sellingGeneralAndAdministrative": "1347000", "researchAndDevelopment": "723422", "operatingExpenses": "2281000", "investmentIncomeNet": "None", "netInterestIncome": "None", "interestIncome": "None", "interestExpense": "163614", "nonInterestIncome": "None", "otherNonOperatingIncome": "None", "depreciation": "None", "depreciationAndAmortization": "44789", "incomeBeforeTax": "-2446000", "incomeTaxExpense": "162163", "interestAndDebtExpense": "None", "netIncomeFromContinuingOperations": "-8470661", "comprehensiveIncomeNetOfTax": "None", "ebit": "-2282789", "ebitda": "-2238000", "netIncome": "-2446000"}, {"fiscalDateEnding": "2016-09-30", "reportedCurrency": "USD", "grossProfit": "0", "totalRevenue": "0", "costOfRevenue": "0", "costofGoodsAndServicesSold": "0", "operatingIncome": "-2009000", "sellingGeneralAndAdministrative": "824381", "researchAndDevelopment": "974980", "operatingExpenses": "2009000", "investmentIncomeNet": "None", "netInterestIncome": "None", "interestIncome": "None", "interestExpense": "131301", "nonInterestIncome": "None", "otherNonOperatingIncome": "None", "depreciation": "None", "depreciationAndAmortization": "44479", "incomeBeforeTax": "-2142000", "incomeTaxExpense": "129693", "interestAndDebtExpense": "None", "netIncomeFromContinuingOperations": "0", "comprehensiveIncomeNetOfTax": "None", "ebit": "-2010479", "ebitda": "-1966000", "netIncome": "-2142000"}, {"fiscalDateEnding": "2016-06-30", "reportedCurrency": "USD", "grossProfit": "0", "totalRevenue": "0", "costOfRevenue": "0", "costofGoodsAndServicesSold": "0", "operatingIncome": "-1979000", "sellingGeneralAndAdministrative": "824138", "researchAndDevelopment": "640807", "operatingExpenses": "1979000", "investmentIncomeNet": "None", "netInterestIncome": "None", "interestIncome": "None", "interestExpense": "83333", "nonInterestIncome": "None", "otherNonOperatingIncome": "None", "depreciation": "None", "depreciationAndAmortization": "33140", "incomeBeforeTax": "-2064000", "incomeTaxExpense": "0", "interestAndDebtExpense": "None", "netIncomeFromContinuingOperations": "0", "comprehensiveIncomeNetOfTax": "None", "ebit": "-1980140", "ebitda": "-1947000", "netIncome": "-2064000"}, {"fiscalDateEnding": "2016-03-31", "reportedCurrency": "USD", "grossProfit": "0", "totalRevenue": "0", "costOfRevenue": "0", "costofGoodsAndServicesSold": "0", "operatingIncome": "-1796000", "sellingGeneralAndAdministrative": "779525", "researchAndDevelopment": "815257", "operatingExpenses": "1796000", "investmentIncomeNet": "None", "netInterestIncome": "None", "interestIncome": "None", "interestExpense": "24306", "nonInterestIncome": "None", "otherNonOperatingIncome": "None", "depreciation": "None", "depreciationAndAmortization": "31588", "incomeBeforeTax": "-1819000", "incomeTaxExpense": "22933", "interestAndDebtExpense": "None", "netIncomeFromContinuingOperations": "0", "comprehensiveIncomeNetOfTax": "None", "ebit": "-1794588", "ebitda": "-1763000", "netIncome": "-1819000"}, {"fiscalDateEnding": "2015-12-31", "reportedCurrency": "USD", "grossProfit": "0", "totalRevenue": "0", "costOfRevenue": "0", "costofGoodsAndServicesSold": "0", "operatingIncome": "-1838000", "sellingGeneralAndAdministrative": "637864", "researchAndDevelopment": "1013000", "operatingExpenses": "1842000", "investmentIncomeNet": "None", "netInterestIncome": "None", "interestIncome": "None", "interestExpense": "10", "nonInterestIncome": "None", "otherNonOperatingIncome": "None", "depreciation": "None", "depreciationAndAmortization": "28488", "incomeBeforeTax": "-1838000", "incomeTaxExpense": "0", "interestAndDebtExpense": "None", "netIncomeFromContinuingOperations": "-7031512", "comprehensiveIncomeNetOfTax": "None", "ebit": "-1838488", "ebitda": "-1810000", "netIncome": "-1838000"}, {"fiscalDateEnding": "2015-09-30", "reportedCurrency": "USD", "grossProfit": "0", "totalRevenue": "0", "costOfRevenue": "0", "costofGoodsAndServicesSold": "0", "operatingIncome": "-1657000", "sellingGeneralAndAdministrative": "648802", "researchAndDevelopment": "788608", "operatingExpenses": "1657000", "investmentIncomeNet": "None", "netInterestIncome": "None", "interestIncome": "None", "interestExpense": "0", "nonInterestIncome": "None", "otherNonOperatingIncome": "None", "depreciation": "None", "depreciationAndAmortization": "26251", "incomeBeforeTax": "-1658000", "incomeTaxExpense": "0", "interestAndDebtExpense": "None", "netIncomeFromContinuingOperations": "0", "comprehensiveIncomeNetOfTax": "None", "ebit": "-1657251", "ebitda": "-1631000", "netIncome": "-1658000"}, {"fiscalDateEnding": "2015-06-30", "reportedCurrency": "USD", "grossProfit": "0", "totalRevenue": "0", "costOfRevenue": "0", "costofGoodsAndServicesSold": "0", "operatingIncome": "-1732000", "sellingGeneralAndAdministrative": "723505", "researchAndDevelopment": "628365", "operatingExpenses": "1732000", "investmentIncomeNet": "None", "netInterestIncome": "None", "interestIncome": "None", "interestExpense": "949", "nonInterestIncome": "None", "otherNonOperatingIncome": "None", "depreciation": "None", "depreciationAndAmortization": "25607", "incomeBeforeTax": "-1733000", "incomeTaxExpense": "-25607", "interestAndDebtExpense": "None", "netIncomeFromContinuingOperations": "0", "comprehensiveIncomeNetOfTax": "None", "ebit": "-1757607", "ebitda": "-1732000", "netIncome": "-1733000"}, {"fiscalDateEnding": "2015-03-31", "reportedCurrency": "USD", "grossProfit": "None", "totalRevenue": "None", "costOfRevenue": "None", "costofGoodsAndServicesSold": "None", "operatingIncome": "-1800000", "sellingGeneralAndAdministrative": "1200000", "researchAndDevelopment": "612719", "operatingExpenses": "1800000", "investmentIncomeNet": "None", "netInterestIncome": "None", "interestIncome": "None", "interestExpense": "None", "nonInterestIncome": "None", "otherNonOperatingIncome": "None", "depreciation": "None", "depreciationAndAmortization": "25607", "incomeBeforeTax": "-1768000", "incomeTaxExpense": "-26963", "interestAndDebtExpense": "None", "netIncomeFromContinuingOperations": "None", "comprehensiveIncomeNetOfTax": "None", "ebit": "-1766607", "ebitda": "-1741000", "netIncome": "-1800000"}, {"fiscalDateEnding": "2014-12-31", "reportedCurrency": "USD", "grossProfit": "0", "totalRevenue": "0", "costOfRevenue": "0", "costofGoodsAndServicesSold": "0", "operatingIncome": "-1618000", "sellingGeneralAndAdministrative": "562542", "researchAndDevelopment": "686758", "operatingExpenses": "1618000", "investmentIncomeNet": "None", "netInterestIncome": "None", "interestIncome": "None", "interestExpense": "62", "nonInterestIncome": "None", "otherNonOperatingIncome": "None", "depreciation": "None", "depreciationAndAmortization": "23374", "incomeBeforeTax": "-1618000", "incomeTaxExpense": "0", "interestAndDebtExpense": "None", "netIncomeFromContinuingOperations": "-7127375", "comprehensiveIncomeNetOfTax": "None", "ebit": "-1617374", "ebitda": "-1594000", "netIncome": "-1618000"}, {"fiscalDateEnding": "2014-09-30", "reportedCurrency": "None", "grossProfit": "None", "totalRevenue": "None", "costOfRevenue": "None", "costofGoodsAndServicesSold": "None", "operatingIncome": "-2035000", "sellingGeneralAndAdministrative": "969043", "researchAndDevelopment": "664571", "operatingExpenses": "2035000", "investmentIncomeNet": "None", "netInterestIncome": "None", "interestIncome": "None", "interestExpense": "None", "nonInterestIncome": "None", "otherNonOperatingIncome": "None", "depreciation": "None", "depreciationAndAmortization": "41487", "incomeBeforeTax": "-2032000", "incomeTaxExpense": "None", "interestAndDebtExpense": "None", "netIncomeFromContinuingOperations": "None", "comprehensiveIncomeNetOfTax": "None", "ebit": "-2035487", "ebitda": "-1994000", "netIncome": "-2032000"}, {"fiscalDateEnding": "2014-06-30", "reportedCurrency": "USD", "grossProfit": "None", "totalRevenue": "None", "costOfRevenue": "None", "costofGoodsAndServicesSold": "None", "operatingIncome": "-1896000", "sellingGeneralAndAdministrative": "939392", "researchAndDevelopment": "600846", "operatingExpenses": "1896000", "investmentIncomeNet": "None", "netInterestIncome": "None", "interestIncome": "None", "interestExpense": "None", "nonInterestIncome": "None", "otherNonOperatingIncome": "None", "depreciation": "None", "depreciationAndAmortization": "38935", "incomeBeforeTax": "-1890000", "incomeTaxExpense": "-38935", "interestAndDebtExpense": "None", "netIncomeFromContinuingOperations": "None", "comprehensiveIncomeNetOfTax": "None", "ebit": "-1934935", "ebitda": "-1896000", "netIncome": "-1890000"}, {"fiscalDateEnding": "2014-03-31", "reportedCurrency": "None", "grossProfit": "None", "totalRevenue": "None", "costOfRevenue": "None", "costofGoodsAndServicesSold": "None", "operatingIncome": "-1586000", "sellingGeneralAndAdministrative": "721739", "researchAndDevelopment": "545760", "operatingExpenses": "1586000", "investmentIncomeNet": "None", "netInterestIncome": "None", "interestIncome": "None", "interestExpense": "None", "nonInterestIncome": "None", "otherNonOperatingIncome": "None", "depreciation": "None", "depreciationAndAmortization": "36946", "incomeBeforeTax": "-1587000", "incomeTaxExpense": "None", "interestAndDebtExpense": "None", "netIncomeFromContinuingOperations": "None", "comprehensiveIncomeNetOfTax": "None", "ebit": "-1585946", "ebitda": "-1549000", "netIncome": "-1587000"}, {"fiscalDateEnding": "2013-12-31", "reportedCurrency": "None", "grossProfit": "None", "totalRevenue": "None", "costOfRevenue": "None", "costofGoodsAndServicesSold": "None", "operatingIncome": "-1675000", "sellingGeneralAndAdministrative": "796355", "researchAndDevelopment": "675794", "operatingExpenses": "1485000", "investmentIncomeNet": "None", "netInterestIncome": "None", "interestIncome": "None", "interestExpense": "None", "nonInterestIncome": "None", "otherNonOperatingIncome": "None", "depreciation": "None", "depreciationAndAmortization": "36590", "incomeBeforeTax": "-1487000", "incomeTaxExpense": "None", "interestAndDebtExpense": "None", "netIncomeFromContinuingOperations": "None", "comprehensiveIncomeNetOfTax": "None", "ebit": "-1674590", "ebitda": "-1638000", "netIncome": "-1487000"}, {"fiscalDateEnding": "2013-09-30", "reportedCurrency": "None", "grossProfit": "None", "totalRevenue": "None", "costOfRevenue": "None", "costofGoodsAndServicesSold": "None", "operatingIncome": "-1083000", "sellingGeneralAndAdministrative": "514042", "researchAndDevelopment": "395568", "operatingExpenses": "1083000", "investmentIncomeNet": "None", "netInterestIncome": "None", "interestIncome": "None", "interestExpense": "None", "nonInterestIncome": "None", "otherNonOperatingIncome": "None", "depreciation": "None", "depreciationAndAmortization": "37173", "incomeBeforeTax": "-1083000", "incomeTaxExpense": "None", "interestAndDebtExpense": "None", "netIncomeFromContinuingOperations": "None", "comprehensiveIncomeNetOfTax": "None", "ebit": "-1083173", "ebitda": "-1046000", "netIncome": "-1083000"}, {"fiscalDateEnding": "2013-06-30", "reportedCurrency": "None", "grossProfit": "None", "totalRevenue": "None", "costOfRevenue": "None", "costofGoodsAndServicesSold": "None", "operatingIncome": "-1190000", "sellingGeneralAndAdministrative": "563886", "researchAndDevelopment": "472567", "operatingExpenses": "1190000", "investmentIncomeNet": "None", "netInterestIncome": "None", "interestIncome": "None", "interestExpense": "None", "nonInterestIncome": "None", "otherNonOperatingIncome": "None", "depreciation": "None", "depreciationAndAmortization": "35450", "incomeBeforeTax": "-1187000", "incomeTaxExpense": "None", "interestAndDebtExpense": "None", "netIncomeFromContinuingOperations": "None", "comprehensiveIncomeNetOfTax": "None", "ebit": "-1190000", "ebitda": "None", "netIncome": "-1187000"}, {"fiscalDateEnding": "2013-03-31", "reportedCurrency": "None", "grossProfit": "None", "totalRevenue": "None", "costOfRevenue": "None", "costofGoodsAndServicesSold": "None", "operatingIncome": "-928000", "sellingGeneralAndAdministrative": "427996", "researchAndDevelopment": "351127", "operatingExpenses": "928446", "investmentIncomeNet": "None", "netInterestIncome": "None", "interestIncome": "None", "interestExpense": "None", "nonInterestIncome": "None", "otherNonOperatingIncome": "None", "depreciation": "None", "depreciationAndAmortization": "37888", "incomeBeforeTax": "-932000", "incomeTaxExpense": "None", "interestAndDebtExpense": "None", "netIncomeFromContinuingOperations": "None", "comprehensiveIncomeNetOfTax": "None", "ebit": "-927888", "ebitda": "-890000", "netIncome": "-932000"}, {"fiscalDateEnding": "2012-12-31", "reportedCurrency": "None", "grossProfit": "None", "totalRevenue": "None", "costOfRevenue": "None", "costofGoodsAndServicesSold": "None", "operatingIncome": "-1018000", "sellingGeneralAndAdministrative": "534411", "researchAndDevelopment": "351943", "operatingExpenses": "1021000", "investmentIncomeNet": "None", "netInterestIncome": "None", "interestIncome": "None", "interestExpense": "None", "nonInterestIncome": "None", "otherNonOperatingIncome": "None", "depreciation": "None", "depreciationAndAmortization": "46317", "incomeBeforeTax": "-1020000", "incomeTaxExpense": "None", "interestAndDebtExpense": "None", "netIncomeFromContinuingOperations": "None", "comprehensiveIncomeNetOfTax": "None", "ebit": "-1018317", "ebitda": "-972000", "netIncome": "-1020000"}, {"fiscalDateEnding": "2012-09-30", "reportedCurrency": "None", "grossProfit": "None", "totalRevenue": "None", "costOfRevenue": "None", "costofGoodsAndServicesSold": "None", "operatingIncome": "-1018000", "sellingGeneralAndAdministrative": "534411", "researchAndDevelopment": "351944", "operatingExpenses": "1021000", "investmentIncomeNet": "None", "netInterestIncome": "None", "interestIncome": "None", "interestExpense": "None", "nonInterestIncome": "None", "otherNonOperatingIncome": "None", "depreciation": "None", "depreciationAndAmortization": "46317", "incomeBeforeTax": "-1020000", "incomeTaxExpense": "None", "interestAndDebtExpense": "None", "netIncomeFromContinuingOperations": "None", "comprehensiveIncomeNetOfTax": "None", "ebit": "-1018317", "ebitda": "-972000", "netIncome": "-1020000"}]}