{"symbol": "ACIU", "annualReports": [{"fiscalDateEnding": "2024-12-31", "reportedCurrency": "CHF", "grossProfit": "-35261000", "totalRevenue": "27309000", "costOfRevenue": "62570000", "costofGoodsAndServicesSold": "62570000", "operatingIncome": "-52378000", "sellingGeneralAndAdministrative": "11434000", "researchAndDevelopment": "62570000", "operatingExpenses": "17117000", "investmentIncomeNet": "None", "netInterestIncome": "3063000", "interestIncome": "3196000", "interestExpense": "133000", "nonInterestIncome": "None", "otherNonOperatingIncome": "None", "depreciation": "None", "depreciationAndAmortization": "2162000", "incomeBeforeTax": "-50913000", "incomeTaxExpense": "3000", "interestAndDebtExpense": "None", "netIncomeFromContinuingOperations": "-50916000", "comprehensiveIncomeNetOfTax": "None", "ebit": "-50780000", "ebitda": "-48618000", "netIncome": "-50916000"}, {"fiscalDateEnding": "2023-12-31", "reportedCurrency": "CHF", "grossProfit": "-39805000", "totalRevenue": "14801000", "costOfRevenue": "54606000", "costofGoodsAndServicesSold": "54606000", "operatingIncome": "-53624000", "sellingGeneralAndAdministrative": "10576000", "researchAndDevelopment": "54606000", "operatingExpenses": "13819000", "investmentIncomeNet": "None", "netInterestIncome": "868000", "interestIncome": "1044000", "interestExpense": "176000", "nonInterestIncome": "None", "otherNonOperatingIncome": "None", "depreciation": "None", "depreciationAndAmortization": "2215000", "incomeBeforeTax": "-54223000", "incomeTaxExpense": "10000", "interestAndDebtExpense": "None", "netIncomeFromContinuingOperations": "-54233000", "comprehensiveIncomeNetOfTax": "None", "ebit": "-54047000", "ebitda": "-51832000", "netIncome": "-54233000"}, {"fiscalDateEnding": "2022-12-31", "reportedCurrency": "CHF", "grossProfit": "3935000", "totalRevenue": "3935000", "costOfRevenue": "60336000", "costofGoodsAndServicesSold": "60336000", "operatingIncome": "-70847000", "sellingGeneralAndAdministrative": "9582000", "researchAndDevelopment": "60336000", "operatingExpenses": "74782000", "investmentIncomeNet": "None", "netInterestIncome": "-286000", "interestIncome": "69000", "interestExpense": "355000", "nonInterestIncome": "None", "otherNonOperatingIncome": "None", "depreciation": "None", "depreciationAndAmortization": "2359000", "incomeBeforeTax": "-70740000", "incomeTaxExpense": "13000", "interestAndDebtExpense": "None", "netIncomeFromContinuingOperations": "-70753000", "comprehensiveIncomeNetOfTax": "None", "ebit": "-70385000", "ebitda": "-68026000", "netIncome": "-70753000"}, {"fiscalDateEnding": "2021-12-31", "reportedCurrency": "CHF", "grossProfit": "-62282000", "totalRevenue": "944000", "costOfRevenue": "62282000", "costofGoodsAndServicesSold": "62282000", "operatingIncome": "-79010000", "sellingGeneralAndAdministrative": "10879000", "researchAndDevelopment": "62282000", "operatingExpenses": "79010000", "investmentIncomeNet": "None", "netInterestIncome": "5904000", "interestIncome": "6485000", "interestExpense": "581000", "nonInterestIncome": "None", "otherNonOperatingIncome": "None", "depreciation": "None", "depreciationAndAmortization": "2406000", "incomeBeforeTax": "-72993000", "incomeTaxExpense": "3000", "interestAndDebtExpense": "None", "netIncomeFromContinuingOperations": "-72996000", "comprehensiveIncomeNetOfTax": "None", "ebit": "-72412000", "ebitda": "-70006000", "netIncome": "-72996000"}, {"fiscalDateEnding": "2020-12-31", "reportedCurrency": "CHF", "grossProfit": "-44056000", "totalRevenue": "15431000", "costOfRevenue": "59487000", "costofGoodsAndServicesSold": "59487000", "operatingIncome": "-61260000", "sellingGeneralAndAdministrative": "18557000", "researchAndDevelopment": "59487000", "operatingExpenses": "17204000", "investmentIncomeNet": "None", "netInterestIncome": "-106000", "interestIncome": "78000", "interestExpense": "184000", "nonInterestIncome": "None", "otherNonOperatingIncome": "None", "depreciation": "None", "depreciationAndAmortization": "1535000", "incomeBeforeTax": "-61921000", "incomeTaxExpense": "184000", "interestAndDebtExpense": "None", "netIncomeFromContinuingOperations": "-61921000", "comprehensiveIncomeNetOfTax": "None", "ebit": "-61260000", "ebitda": "-59725000", "netIncome": "-61921000"}, {"fiscalDateEnding": "2019-12-31", "reportedCurrency": "CHF", "grossProfit": "60024000", "totalRevenue": "110456000", "costOfRevenue": "50432000", "costofGoodsAndServicesSold": "50432000", "operatingIncome": "44536000", "sellingGeneralAndAdministrative": "16058000", "researchAndDevelopment": "50432000", "operatingExpenses": "15488000", "investmentIncomeNet": "None", "netInterestIncome": "-1623000", "interestIncome": "304000", "interestExpense": "1926000", "nonInterestIncome": "None", "otherNonOperatingIncome": "0", "depreciation": "None", "depreciationAndAmortization": "1274000", "incomeBeforeTax": "45442000", "incomeTaxExpense": "1894000", "interestAndDebtExpense": "None", "netIncomeFromContinuingOperations": "45442000", "comprehensiveIncomeNetOfTax": "None", "ebit": "44536000", "ebitda": "45810000", "netIncome": "45442000"}, {"fiscalDateEnding": "2018-12-31", "reportedCurrency": "CHF", "grossProfit": "-37083000", "totalRevenue": "7194000", "costOfRevenue": "44277000", "costofGoodsAndServicesSold": "44277000", "operatingIncome": "-49550000", "sellingGeneralAndAdministrative": "7564000", "researchAndDevelopment": "44277000", "operatingExpenses": "56744000", "investmentIncomeNet": "None", "netInterestIncome": "-207000", "interestIncome": "29000", "interestExpense": "334000", "nonInterestIncome": "None", "otherNonOperatingIncome": "0", "depreciation": "None", "depreciationAndAmortization": "961000", "incomeBeforeTax": "-50951000", "incomeTaxExpense": "-1103000", "interestAndDebtExpense": "None", "netIncomeFromContinuingOperations": "-50951000", "comprehensiveIncomeNetOfTax": "None", "ebit": "-50617000", "ebitda": "-49656000", "netIncome": "-50951000"}, {"fiscalDateEnding": "2017-12-31", "reportedCurrency": "CHF", "grossProfit": "-12408000", "totalRevenue": "20255000", "costOfRevenue": "32663000", "costofGoodsAndServicesSold": "32663000", "operatingIncome": "-22539000", "sellingGeneralAndAdministrative": "6274000", "researchAndDevelopment": "32663000", "operatingExpenses": "42794000", "investmentIncomeNet": "None", "netInterestIncome": "176000", "interestIncome": "330000", "interestExpense": "147000", "nonInterestIncome": "None", "otherNonOperatingIncome": "0", "depreciation": "None", "depreciationAndAmortization": "580000", "incomeBeforeTax": "-26411000", "incomeTaxExpense": "147000", "interestAndDebtExpense": "None", "netIncomeFromContinuingOperations": "-26411000", "comprehensiveIncomeNetOfTax": "None", "ebit": "-23119000", "ebitda": "-22539000", "netIncome": "-26411000"}, {"fiscalDateEnding": "2016-12-31", "reportedCurrency": "CHF", "grossProfit": "-2560000", "totalRevenue": "23214000", "costOfRevenue": "25774000", "costofGoodsAndServicesSold": "25774000", "operatingIncome": "-10456000", "sellingGeneralAndAdministrative": "4728000", "researchAndDevelopment": "25774000", "operatingExpenses": "33670000", "investmentIncomeNet": "None", "netInterestIncome": "3360000", "interestIncome": "43000", "interestExpense": "256000", "nonInterestIncome": "None", "otherNonOperatingIncome": "0", "depreciation": "None", "depreciationAndAmortization": "278000", "incomeBeforeTax": "-7096000", "incomeTaxExpense": "3616000", "interestAndDebtExpense": "None", "netIncomeFromContinuingOperations": "-7096000", "comprehensiveIncomeNetOfTax": "None", "ebit": "-7089000", "ebitda": "-6811000", "netIncome": "-7096000"}, {"fiscalDateEnding": "2015-12-31", "reportedCurrency": "CHF", "grossProfit": "22041000", "totalRevenue": "39090000", "costOfRevenue": "17049000", "costofGoodsAndServicesSold": "17049000", "operatingIncome": "18624000", "sellingGeneralAndAdministrative": "2040000", "researchAndDevelopment": "17049000", "operatingExpenses": "20466000", "investmentIncomeNet": "None", "netInterestIncome": "None", "interestIncome": "1646000", "interestExpense": "26000", "nonInterestIncome": "None", "otherNonOperatingIncome": "0", "depreciation": "None", "depreciationAndAmortization": "287000", "incomeBeforeTax": "20270000", "incomeTaxExpense": "1643000", "interestAndDebtExpense": "None", "netIncomeFromContinuingOperations": "20100622.16", "comprehensiveIncomeNetOfTax": "None", "ebit": "18624000", "ebitda": "18911000", "netIncome": "20270000"}, {"fiscalDateEnding": "2014-12-31", "reportedCurrency": "CHF", "grossProfit": "14153000", "totalRevenue": "30269000", "costOfRevenue": "16116000", "costofGoodsAndServicesSold": "16116000", "operatingIncome": "10717000", "sellingGeneralAndAdministrative": "1999000", "researchAndDevelopment": "16116000", "operatingExpenses": "19552000", "investmentIncomeNet": "None", "netInterestIncome": "None", "interestIncome": "None", "interestExpense": "4000", "nonInterestIncome": "None", "otherNonOperatingIncome": "0", "depreciation": "None", "depreciationAndAmortization": "298000", "incomeBeforeTax": "10744000", "incomeTaxExpense": "31000", "interestAndDebtExpense": "None", "netIncomeFromContinuingOperations": "10805591.87", "comprehensiveIncomeNetOfTax": "None", "ebit": "10717000", "ebitda": "11015000", "netIncome": "10744000"}, {"fiscalDateEnding": "2013-12-31", "reportedCurrency": "CHF", "grossProfit": "-8543000", "totalRevenue": "8637000", "costOfRevenue": "17180000", "costofGoodsAndServicesSold": "17180000", "operatingIncome": "-11498000", "sellingGeneralAndAdministrative": "2955000", "researchAndDevelopment": "17180000", "operatingExpenses": "2758000", "investmentIncomeNet": "None", "netInterestIncome": "None", "interestIncome": "None", "interestExpense": "0", "nonInterestIncome": "None", "otherNonOperatingIncome": "None", "depreciation": "None", "depreciationAndAmortization": "293000", "incomeBeforeTax": "-11243000", "incomeTaxExpense": "0", "interestAndDebtExpense": "None", "netIncomeFromContinuingOperations": "-11243000", "comprehensiveIncomeNetOfTax": "None", "ebit": "-11498000", "ebitda": "-11205000", "netIncome": "-11243000"}], "quarterlyReports": [{"fiscalDateEnding": "2025-09-30", "reportedCurrency": "CHF", "grossProfit": "939000", "totalRevenue": "939000", "costOfRevenue": "None", "costofGoodsAndServicesSold": "None", "operatingIncome": "-16166000", "sellingGeneralAndAdministrative": "3567000", "researchAndDevelopment": "13071000", "operatingExpenses": "17105000", "investmentIncomeNet": "None", "netInterestIncome": "320000", "interestIncome": "366000", "interestExpense": "46000", "nonInterestIncome": "None", "otherNonOperatingIncome": "None", "depreciation": "None", "depreciationAndAmortization": "340000", "incomeBeforeTax": "-15858000", "incomeTaxExpense": "None", "interestAndDebtExpense": "None", "netIncomeFromContinuingOperations": "-15858000", "comprehensiveIncomeNetOfTax": "None", "ebit": "-15858000", "ebitda": "-15518000", "netIncome": "-15858000"}, {"fiscalDateEnding": "2025-06-30", "reportedCurrency": "CHF", "grossProfit": "1306000", "totalRevenue": "1306000", "costOfRevenue": "None", "costofGoodsAndServicesSold": "None", "operatingIncome": "-19388000", "sellingGeneralAndAdministrative": "3896000", "researchAndDevelopment": "16826000", "operatingExpenses": "20694000", "investmentIncomeNet": "None", "netInterestIncome": "408000", "interestIncome": "458000", "interestExpense": "50000", "nonInterestIncome": "None", "otherNonOperatingIncome": "None", "depreciation": "None", "depreciationAndAmortization": "623000", "incomeBeforeTax": "-21189000", "incomeTaxExpense": "None", "interestAndDebtExpense": "None", "netIncomeFromContinuingOperations": "-21189000", "comprehensiveIncomeNetOfTax": "None", "ebit": "-21139000", "ebitda": "-20516000", "netIncome": "-21189000"}, {"fiscalDateEnding": "2025-03-31", "reportedCurrency": "CHF", "grossProfit": "990000", "totalRevenue": "990000", "costOfRevenue": "None", "costofGoodsAndServicesSold": "None", "operatingIncome": "-19370000", "sellingGeneralAndAdministrative": "4443000", "researchAndDevelopment": "15916000", "operatingExpenses": "20360000", "investmentIncomeNet": "None", "netInterestIncome": "633000", "interestIncome": "687000", "interestExpense": "54000", "nonInterestIncome": "None", "otherNonOperatingIncome": "None", "depreciation": "None", "depreciationAndAmortization": "612000", "incomeBeforeTax": "-19029000", "incomeTaxExpense": "None", "interestAndDebtExpense": "None", "netIncomeFromContinuingOperations": "-19029000", "comprehensiveIncomeNetOfTax": "None", "ebit": "-18975000", "ebitda": "-18363000", "netIncome": "-19029000"}, {"fiscalDateEnding": "2024-12-31", "reportedCurrency": "CHF", "grossProfit": "1137000", "totalRevenue": "1137000", "costOfRevenue": "None", "costofGoodsAndServicesSold": "None", "operatingIncome": "-18618000", "sellingGeneralAndAdministrative": "-1841000", "researchAndDevelopment": "15785000", "operatingExpenses": "19755000", "investmentIncomeNet": "None", "netInterestIncome": "859000", "interestIncome": "889000", "interestExpense": "30000", "nonInterestIncome": "None", "otherNonOperatingIncome": "None", "depreciation": "None", "depreciationAndAmortization": "529000", "incomeBeforeTax": "-15794000", "incomeTaxExpense": "3000", "interestAndDebtExpense": "None", "netIncomeFromContinuingOperations": "-15797000", "comprehensiveIncomeNetOfTax": "None", "ebit": "-15764000", "ebitda": "-15235000", "netIncome": "-15797000"}, {"fiscalDateEnding": "2024-09-30", "reportedCurrency": "CHF", "grossProfit": "25485000", "totalRevenue": "25485000", "costOfRevenue": "14482000", "costofGoodsAndServicesSold": "14482000", "operatingIncome": "7269000", "sellingGeneralAndAdministrative": "3753000", "researchAndDevelopment": "14482000", "operatingExpenses": "18216000", "investmentIncomeNet": "None", "netInterestIncome": "906000", "interestIncome": "939000", "interestExpense": "33000", "nonInterestIncome": "None", "otherNonOperatingIncome": "None", "depreciation": "None", "depreciationAndAmortization": "529000", "incomeBeforeTax": "5503000", "incomeTaxExpense": "None", "interestAndDebtExpense": "None", "netIncomeFromContinuingOperations": "5503000", "comprehensiveIncomeNetOfTax": "None", "ebit": "5536000", "ebitda": "6065000", "netIncome": "5503000"}, {"fiscalDateEnding": "2024-06-30", "reportedCurrency": "CHF", "grossProfit": "687000", "totalRevenue": "687000", "costOfRevenue": "17138000", "costofGoodsAndServicesSold": "17138000", "operatingIncome": "-20961000", "sellingGeneralAndAdministrative": "4551000", "researchAndDevelopment": "17138000", "operatingExpenses": "21648000", "investmentIncomeNet": "None", "netInterestIncome": "705000", "interestIncome": "739000", "interestExpense": "34000", "nonInterestIncome": "None", "otherNonOperatingIncome": "None", "depreciation": "None", "depreciationAndAmortization": "548000", "incomeBeforeTax": "-22760000", "incomeTaxExpense": "None", "interestAndDebtExpense": "None", "netIncomeFromContinuingOperations": "-22760000", "comprehensiveIncomeNetOfTax": "None", "ebit": "-22726000", "ebitda": "-22178000", "netIncome": "-22760000"}, {"fiscalDateEnding": "2024-03-31", "reportedCurrency": "CHF", "grossProfit": "-15165000", "totalRevenue": "687000", "costOfRevenue": "15165000", "costofGoodsAndServicesSold": "15165000", "operatingIncome": "-20068000", "sellingGeneralAndAdministrative": "4971000", "researchAndDevelopment": "15165000", "operatingExpenses": "20068000", "investmentIncomeNet": "None", "netInterestIncome": "593000", "interestIncome": "629000", "interestExpense": "36000", "nonInterestIncome": "None", "otherNonOperatingIncome": "None", "depreciation": "None", "depreciationAndAmortization": "556000", "incomeBeforeTax": "-17862000", "incomeTaxExpense": "36000", "interestAndDebtExpense": "None", "netIncomeFromContinuingOperations": "-17862000", "comprehensiveIncomeNetOfTax": "None", "ebit": "-17826000", "ebitda": "-17270000", "netIncome": "-17862000"}, {"fiscalDateEnding": "2023-12-31", "reportedCurrency": "CHF", "grossProfit": "14801000", "totalRevenue": "14801000", "costOfRevenue": "14644000", "costofGoodsAndServicesSold": "14644000", "operatingIncome": "-3541000", "sellingGeneralAndAdministrative": "676000", "researchAndDevelopment": "14644000", "operatingExpenses": "18342000", "investmentIncomeNet": "None", "netInterestIncome": "265000", "interestIncome": "291000", "interestExpense": "26000", "nonInterestIncome": "None", "otherNonOperatingIncome": "None", "depreciation": "None", "depreciationAndAmortization": "555000", "incomeBeforeTax": "-4743000", "incomeTaxExpense": "1000", "interestAndDebtExpense": "None", "netIncomeFromContinuingOperations": "-4744000", "comprehensiveIncomeNetOfTax": "None", "ebit": "-4717000", "ebitda": "-4162000", "netIncome": "-4744000"}, {"fiscalDateEnding": "2023-09-30", "reportedCurrency": "CHF", "grossProfit": "-12407000", "totalRevenue": "0", "costOfRevenue": "12407000", "costofGoodsAndServicesSold": "12407000", "operatingIncome": "-15466000", "sellingGeneralAndAdministrative": "3465000", "researchAndDevelopment": "12407000", "operatingExpenses": "15466000", "investmentIncomeNet": "None", "netInterestIncome": "259000", "interestIncome": "285000", "interestExpense": "26000", "nonInterestIncome": "None", "otherNonOperatingIncome": "None", "depreciation": "None", "depreciationAndAmortization": "549000", "incomeBeforeTax": "-15140000", "incomeTaxExpense": "3000", "interestAndDebtExpense": "None", "netIncomeFromContinuingOperations": "-15143000", "comprehensiveIncomeNetOfTax": "None", "ebit": "-15114000", "ebitda": "-14565000", "netIncome": "-15143000"}, {"fiscalDateEnding": "2023-06-30", "reportedCurrency": "CHF", "grossProfit": "-13682000", "totalRevenue": "0", "costOfRevenue": "13682000", "costofGoodsAndServicesSold": "13682000", "operatingIncome": "-17046000", "sellingGeneralAndAdministrative": "3681000", "researchAndDevelopment": "13682000", "operatingExpenses": "17046000", "investmentIncomeNet": "None", "netInterestIncome": "232000", "interestIncome": "259000", "interestExpense": "27000", "nonInterestIncome": "None", "otherNonOperatingIncome": "None", "depreciation": "None", "depreciationAndAmortization": "541000", "incomeBeforeTax": "-16830000", "incomeTaxExpense": "3000", "interestAndDebtExpense": "None", "netIncomeFromContinuingOperations": "-16833000", "comprehensiveIncomeNetOfTax": "None", "ebit": "-16803000", "ebitda": "-16262000", "netIncome": "-16833000"}, {"fiscalDateEnding": "2023-03-31", "reportedCurrency": "CHF", "grossProfit": "-13873000", "totalRevenue": "0", "costOfRevenue": "13873000", "costofGoodsAndServicesSold": "13873000", "operatingIncome": "-17571000", "sellingGeneralAndAdministrative": "4106000", "researchAndDevelopment": "13873000", "operatingExpenses": "17571000", "investmentIncomeNet": "None", "netInterestIncome": "112000", "interestIncome": "209000", "interestExpense": "97000", "nonInterestIncome": "None", "otherNonOperatingIncome": "None", "depreciation": "None", "depreciationAndAmortization": "570000", "incomeBeforeTax": "-17510000", "incomeTaxExpense": "3000", "interestAndDebtExpense": "None", "netIncomeFromContinuingOperations": "-17513000", "comprehensiveIncomeNetOfTax": "None", "ebit": "-17413000", "ebitda": "-16843000", "netIncome": "-17513000"}, {"fiscalDateEnding": "2022-12-31", "reportedCurrency": "CHF", "grossProfit": "-15135000", "totalRevenue": "1000", "costOfRevenue": "15136000", "costofGoodsAndServicesSold": "15136000", "operatingIncome": "-18697000", "sellingGeneralAndAdministrative": "3961000", "researchAndDevelopment": "15136000", "operatingExpenses": "3562000", "investmentIncomeNet": "None", "netInterestIncome": "59000", "interestIncome": "58000", "interestExpense": "1000", "nonInterestIncome": "None", "otherNonOperatingIncome": "None", "depreciation": "None", "depreciationAndAmortization": "462000", "incomeBeforeTax": "-18747000", "incomeTaxExpense": "2000", "interestAndDebtExpense": "None", "netIncomeFromContinuingOperations": "-18749000", "comprehensiveIncomeNetOfTax": "None", "ebit": "-18697000", "ebitda": "-18235000", "netIncome": "-18749000"}, {"fiscalDateEnding": "2022-09-30", "reportedCurrency": "CHF", "grossProfit": "-10451000", "totalRevenue": "3934000", "costOfRevenue": "14385000", "costofGoodsAndServicesSold": "14385000", "operatingIncome": "-13463000", "sellingGeneralAndAdministrative": "3274000", "researchAndDevelopment": "14385000", "operatingExpenses": "3012000", "investmentIncomeNet": "None", "netInterestIncome": "-66000", "interestIncome": "11000", "interestExpense": "77000", "nonInterestIncome": "None", "otherNonOperatingIncome": "None", "depreciation": "None", "depreciationAndAmortization": "438000", "incomeBeforeTax": "-13512000", "incomeTaxExpense": "4000", "interestAndDebtExpense": "None", "netIncomeFromContinuingOperations": "-13516000", "comprehensiveIncomeNetOfTax": "None", "ebit": "-13463000", "ebitda": "-13025000", "netIncome": "-13516000"}, {"fiscalDateEnding": "2022-06-30", "reportedCurrency": "CHF", "grossProfit": "-15692000", "totalRevenue": "0", "costOfRevenue": "15692000", "costofGoodsAndServicesSold": "15692000", "operatingIncome": "-19859000", "sellingGeneralAndAdministrative": "4374000", "researchAndDevelopment": "15692000", "operatingExpenses": "19859000", "investmentIncomeNet": "None", "netInterestIncome": "-126000", "interestIncome": "0", "interestExpense": "126000", "nonInterestIncome": "None", "otherNonOperatingIncome": "None", "depreciation": "None", "depreciationAndAmortization": "575000", "incomeBeforeTax": "-19640000", "incomeTaxExpense": "3000", "interestAndDebtExpense": "None", "netIncomeFromContinuingOperations": "-19643000", "comprehensiveIncomeNetOfTax": "None", "ebit": "-19514000", "ebitda": "-18939000", "netIncome": "-19643000"}, {"fiscalDateEnding": "2022-03-31", "reportedCurrency": "CHF", "grossProfit": "-15123000", "totalRevenue": "0", "costOfRevenue": "15123000", "costofGoodsAndServicesSold": "15123000", "operatingIncome": "-18830000", "sellingGeneralAndAdministrative": "4166000", "researchAndDevelopment": "15123000", "operatingExpenses": "18830000", "investmentIncomeNet": "None", "netInterestIncome": "-154000", "interestIncome": "0", "interestExpense": "154000", "nonInterestIncome": "None", "otherNonOperatingIncome": "None", "depreciation": "None", "depreciationAndAmortization": "600000", "incomeBeforeTax": "-18844000", "incomeTaxExpense": "4000", "interestAndDebtExpense": "None", "netIncomeFromContinuingOperations": "-18848000", "comprehensiveIncomeNetOfTax": "None", "ebit": "-18690000", "ebitda": "-18090000", "netIncome": "-18848000"}, {"fiscalDateEnding": "2021-12-31", "reportedCurrency": "CHF", "grossProfit": "-20124000", "totalRevenue": "0", "costOfRevenue": "20124000", "costofGoodsAndServicesSold": "20124000", "operatingIncome": "-22787000", "sellingGeneralAndAdministrative": "4114000", "researchAndDevelopment": "20124000", "operatingExpenses": "22787000", "investmentIncomeNet": "None", "netInterestIncome": "1888000", "interestIncome": "2061000", "interestExpense": "173000", "nonInterestIncome": "None", "otherNonOperatingIncome": "None", "depreciation": "None", "depreciationAndAmortization": "628000", "incomeBeforeTax": "-21273000", "incomeTaxExpense": "3000", "interestAndDebtExpense": "None", "netIncomeFromContinuingOperations": "-21276000", "comprehensiveIncomeNetOfTax": "None", "ebit": "-21100000", "ebitda": "-20472000", "netIncome": "-21276000"}, {"fiscalDateEnding": "2021-09-30", "reportedCurrency": "CHF", "grossProfit": "-15118000", "totalRevenue": "0", "costOfRevenue": "15118000", "costofGoodsAndServicesSold": "15118000", "operatingIncome": "-20283000", "sellingGeneralAndAdministrative": "5420000", "researchAndDevelopment": "15118000", "operatingExpenses": "20283000", "investmentIncomeNet": "None", "netInterestIncome": "4243000", "interestIncome": "4424000", "interestExpense": "181000", "nonInterestIncome": "None", "otherNonOperatingIncome": "None", "depreciation": "None", "depreciationAndAmortization": "637000", "incomeBeforeTax": "-15918000", "incomeTaxExpense": "181000", "interestAndDebtExpense": "None", "netIncomeFromContinuingOperations": "-15918000", "comprehensiveIncomeNetOfTax": "None", "ebit": "-15737000", "ebitda": "-15100000", "netIncome": "-15918000"}, {"fiscalDateEnding": "2021-06-30", "reportedCurrency": "CHF", "grossProfit": "-13710000", "totalRevenue": "0", "costOfRevenue": "13710000", "costofGoodsAndServicesSold": "13710000", "operatingIncome": "-18689000", "sellingGeneralAndAdministrative": "5235000", "researchAndDevelopment": "13710000", "operatingExpenses": "18689000", "investmentIncomeNet": "None", "netInterestIncome": "-202000", "interestIncome": "0", "interestExpense": "202000", "nonInterestIncome": "None", "otherNonOperatingIncome": "None", "depreciation": "None", "depreciationAndAmortization": "593000", "incomeBeforeTax": "-19069000", "incomeTaxExpense": "202000", "interestAndDebtExpense": "None", "netIncomeFromContinuingOperations": "-19069000", "comprehensiveIncomeNetOfTax": "None", "ebit": "-18867000", "ebitda": "-18274000", "netIncome": "-19069000"}, {"fiscalDateEnding": "2021-03-31", "reportedCurrency": "CHF", "grossProfit": "-13329000", "totalRevenue": "0", "costOfRevenue": "13329000", "costofGoodsAndServicesSold": "13329000", "operatingIncome": "-17251000", "sellingGeneralAndAdministrative": "4338000", "researchAndDevelopment": "13329000", "operatingExpenses": "17251000", "investmentIncomeNet": "None", "netInterestIncome": "-26000", "interestIncome": "0", "interestExpense": "26000", "nonInterestIncome": "None", "otherNonOperatingIncome": "None", "depreciation": "None", "depreciationAndAmortization": "548000", "incomeBeforeTax": "-16734000", "incomeTaxExpense": "26000", "interestAndDebtExpense": "None", "netIncomeFromContinuingOperations": "-16734000", "comprehensiveIncomeNetOfTax": "None", "ebit": "-16708000", "ebitda": "-16160000", "netIncome": "-16734000"}, {"fiscalDateEnding": "2020-12-31", "reportedCurrency": "CHF", "grossProfit": "-15007000", "totalRevenue": "944000", "costOfRevenue": "15951000", "costofGoodsAndServicesSold": "15951000", "operatingIncome": "-19465000", "sellingGeneralAndAdministrative": "5004000", "researchAndDevelopment": "15951000", "operatingExpenses": "4458000", "investmentIncomeNet": "None", "netInterestIncome": "520000", "interestIncome": "0", "interestExpense": "35404", "nonInterestIncome": "None", "otherNonOperatingIncome": "None", "depreciation": "None", "depreciationAndAmortization": "408000", "incomeBeforeTax": "-19500000", "incomeTaxExpense": "-3000", "interestAndDebtExpense": "None", "netIncomeFromContinuingOperations": "-19500000", "comprehensiveIncomeNetOfTax": "None", "ebit": "-19465000", "ebitda": "-19057000", "netIncome": "-19500000"}, {"fiscalDateEnding": "2020-09-30", "reportedCurrency": "CHF", "grossProfit": "-14395000", "totalRevenue": "1123000", "costOfRevenue": "15518000", "costofGoodsAndServicesSold": "15518000", "operatingIncome": "-18805000", "sellingGeneralAndAdministrative": "4892000", "researchAndDevelopment": "15518000", "operatingExpenses": "4410000", "investmentIncomeNet": "None", "netInterestIncome": "-189000", "interestIncome": "0", "interestExpense": "46000", "nonInterestIncome": "None", "otherNonOperatingIncome": "None", "depreciation": "None", "depreciationAndAmortization": "393000", "incomeBeforeTax": "-18994000", "incomeTaxExpense": "-146000", "interestAndDebtExpense": "None", "netIncomeFromContinuingOperations": "-18994000", "comprehensiveIncomeNetOfTax": "None", "ebit": "-18805000", "ebitda": "-18412000", "netIncome": "-18994000"}, {"fiscalDateEnding": "2020-06-30", "reportedCurrency": "CHF", "grossProfit": "-11726000", "totalRevenue": "1083000", "costOfRevenue": "12809000", "costofGoodsAndServicesSold": "12809000", "operatingIncome": "15687000", "sellingGeneralAndAdministrative": "4155999", "researchAndDevelopment": "12809000", "operatingExpenses": "-27413000", "investmentIncomeNet": "None", "netInterestIncome": "-51000", "interestIncome": "17000", "interestExpense": "56000", "nonInterestIncome": "None", "otherNonOperatingIncome": "None", "depreciation": "None", "depreciationAndAmortization": "366000", "incomeBeforeTax": "-15738000", "incomeTaxExpense": "4000", "interestAndDebtExpense": "None", "netIncomeFromContinuingOperations": "-15738000", "comprehensiveIncomeNetOfTax": "None", "ebit": "-15687000", "ebitda": "-15321000", "netIncome": "-15738000"}, {"fiscalDateEnding": "2020-03-31", "reportedCurrency": "CHF", "grossProfit": "-2928000", "totalRevenue": "12281000", "costOfRevenue": "15209000", "costofGoodsAndServicesSold": "15209000", "operatingIncome": "-7302000", "sellingGeneralAndAdministrative": "4504000", "researchAndDevelopment": "15209000", "operatingExpenses": "4374000", "investmentIncomeNet": "None", "netInterestIncome": "-387000", "interestIncome": "60000", "interestExpense": "57000", "nonInterestIncome": "None", "otherNonOperatingIncome": "None", "depreciation": "None", "depreciationAndAmortization": "368000", "incomeBeforeTax": "-7689000", "incomeTaxExpense": "-333000", "interestAndDebtExpense": "None", "netIncomeFromContinuingOperations": "-7689000", "comprehensiveIncomeNetOfTax": "None", "ebit": "-7302000", "ebitda": "-6934000", "netIncome": "-7689000"}, {"fiscalDateEnding": "2019-12-31", "reportedCurrency": "CHF", "grossProfit": "-13802000", "totalRevenue": "860000", "costOfRevenue": "14662000", "costofGoodsAndServicesSold": "14662000", "operatingIncome": "-18823000", "sellingGeneralAndAdministrative": "5223000", "researchAndDevelopment": "14662000", "operatingExpenses": "5021000", "investmentIncomeNet": "None", "netInterestIncome": "1390000", "interestIncome": "67000", "interestExpense": "242458", "nonInterestIncome": "None", "otherNonOperatingIncome": "0", "depreciation": "None", "depreciationAndAmortization": "363000", "incomeBeforeTax": "-19446000", "incomeTaxExpense": "208000", "interestAndDebtExpense": "None", "netIncomeFromContinuingOperations": "-19446000", "comprehensiveIncomeNetOfTax": "None", "ebit": "-18823000", "ebitda": "-18460000", "netIncome": "-19446000"}, {"fiscalDateEnding": "2019-09-30", "reportedCurrency": "CHF", "grossProfit": "21933000", "totalRevenue": "33411000", "costOfRevenue": "11478000", "costofGoodsAndServicesSold": "11478000", "operatingIncome": "17977000", "sellingGeneralAndAdministrative": "3956000", "researchAndDevelopment": "11478000", "operatingExpenses": "15434000", "investmentIncomeNet": "None", "netInterestIncome": "236000", "interestIncome": "73000", "interestExpense": "87225", "nonInterestIncome": "None", "otherNonOperatingIncome": "0", "depreciation": "None", "depreciationAndAmortization": "432000", "incomeBeforeTax": "18213000", "incomeTaxExpense": "322000", "interestAndDebtExpense": "None", "netIncomeFromContinuingOperations": "18213000", "comprehensiveIncomeNetOfTax": "None", "ebit": "17977000", "ebitda": "18409000", "netIncome": "18213000"}, {"fiscalDateEnding": "2019-06-30", "reportedCurrency": "CHF", "grossProfit": "-11189000", "totalRevenue": "1511000", "costOfRevenue": "12700000", "costofGoodsAndServicesSold": "12700000", "operatingIncome": "-14774000", "sellingGeneralAndAdministrative": "3585000", "researchAndDevelopment": "12700000", "operatingExpenses": "16285000", "investmentIncomeNet": "None", "netInterestIncome": "-2161000", "interestIncome": "75000", "interestExpense": "502624", "nonInterestIncome": "None", "otherNonOperatingIncome": "0", "depreciation": "None", "depreciationAndAmortization": "396000", "incomeBeforeTax": "-16899000", "incomeTaxExpense": "504000", "interestAndDebtExpense": "None", "netIncomeFromContinuingOperations": "-16899000", "comprehensiveIncomeNetOfTax": "None", "ebit": "-16395000", "ebitda": "-15999000", "netIncome": "-16899000"}, {"fiscalDateEnding": "2019-03-31", "reportedCurrency": "CHF", "grossProfit": "63450000", "totalRevenue": "75042000", "costOfRevenue": "11592000", "costofGoodsAndServicesSold": "11592000", "operatingIncome": "60156000", "sellingGeneralAndAdministrative": "3294000", "researchAndDevelopment": "11592000", "operatingExpenses": "14886000", "investmentIncomeNet": "None", "netInterestIncome": "-1087000", "interestIncome": "1007000", "interestExpense": "1099363", "nonInterestIncome": "None", "otherNonOperatingIncome": "0", "depreciation": "None", "depreciationAndAmortization": "395000", "incomeBeforeTax": "63574000", "incomeTaxExpense": "1096000", "interestAndDebtExpense": "None", "netIncomeFromContinuingOperations": "63574000", "comprehensiveIncomeNetOfTax": "None", "ebit": "60053000", "ebitda": "60448000", "netIncome": "63574000"}, {"fiscalDateEnding": "2018-12-31", "reportedCurrency": "CHF", "grossProfit": "-10724000", "totalRevenue": "1403000", "costOfRevenue": "12127000", "costofGoodsAndServicesSold": "12127000", "operatingIncome": "-14488000", "sellingGeneralAndAdministrative": "1139000", "researchAndDevelopment": "12127000", "operatingExpenses": "15891000", "investmentIncomeNet": "None", "netInterestIncome": "None", "interestIncome": "None", "interestExpense": "232965", "nonInterestIncome": "None", "otherNonOperatingIncome": "0", "depreciation": "None", "depreciationAndAmortization": "266000", "incomeBeforeTax": "-14677000", "incomeTaxExpense": "43000", "interestAndDebtExpense": "None", "netIncomeFromContinuingOperations": "-15808806.93", "comprehensiveIncomeNetOfTax": "None", "ebit": "-14445000", "ebitda": "-14179000", "netIncome": "-14677000"}, {"fiscalDateEnding": "2018-09-30", "reportedCurrency": "CHF", "grossProfit": "-9241000", "totalRevenue": "2305000", "costOfRevenue": "11546000", "costofGoodsAndServicesSold": "11546000", "operatingIncome": "-12171000", "sellingGeneralAndAdministrative": "2930000", "researchAndDevelopment": "11546000", "operatingExpenses": "14476000", "investmentIncomeNet": "None", "netInterestIncome": "None", "interestIncome": "None", "interestExpense": "31000", "nonInterestIncome": "None", "otherNonOperatingIncome": "0", "depreciation": "None", "depreciationAndAmortization": "252000", "incomeBeforeTax": "-13516000", "incomeTaxExpense": "-1314000", "interestAndDebtExpense": "None", "netIncomeFromContinuingOperations": "-13964794.42", "comprehensiveIncomeNetOfTax": "None", "ebit": "-13485000", "ebitda": "-13233000", "netIncome": "-13516000"}, {"fiscalDateEnding": "2018-06-30", "reportedCurrency": "CHF", "grossProfit": "-8505000", "totalRevenue": "2028000", "costOfRevenue": "10533000", "costofGoodsAndServicesSold": "10533000", "operatingIncome": "-11570000", "sellingGeneralAndAdministrative": "3065000", "researchAndDevelopment": "10533000", "operatingExpenses": "13598000", "investmentIncomeNet": "None", "netInterestIncome": "None", "interestIncome": "None", "interestExpense": "22320", "nonInterestIncome": "None", "otherNonOperatingIncome": "0", "depreciation": "None", "depreciationAndAmortization": "246000", "incomeBeforeTax": "-11143000", "incomeTaxExpense": "449000", "interestAndDebtExpense": "None", "netIncomeFromContinuingOperations": "-11214774.56", "comprehensiveIncomeNetOfTax": "None", "ebit": "-11121000", "ebitda": "-10875000", "netIncome": "-11143000"}, {"fiscalDateEnding": "2018-03-31", "reportedCurrency": "CHF", "grossProfit": "-8611000", "totalRevenue": "1458000", "costOfRevenue": "10069000", "costofGoodsAndServicesSold": "10069000", "operatingIncome": "-11322000", "sellingGeneralAndAdministrative": "2711000", "researchAndDevelopment": "10069000", "operatingExpenses": "12780000", "investmentIncomeNet": "None", "netInterestIncome": "None", "interestIncome": "None", "interestExpense": "12000", "nonInterestIncome": "None", "otherNonOperatingIncome": "None", "depreciation": "None", "depreciationAndAmortization": "197000", "incomeBeforeTax": "-11614000", "incomeTaxExpense": "-280000", "interestAndDebtExpense": "None", "netIncomeFromContinuingOperations": "-12156164.96", "comprehensiveIncomeNetOfTax": "None", "ebit": "-11602000", "ebitda": "-11405000", "netIncome": "-11614000"}, {"fiscalDateEnding": "2017-12-31", "reportedCurrency": "CHF", "grossProfit": "6266000", "totalRevenue": "16421000", "costOfRevenue": "10155000", "costofGoodsAndServicesSold": "10155000", "operatingIncome": "3188000", "sellingGeneralAndAdministrative": "779000", "researchAndDevelopment": "10155000", "operatingExpenses": "13233000", "investmentIncomeNet": "None", "netInterestIncome": "None", "interestIncome": "None", "interestExpense": "61000", "nonInterestIncome": "None", "otherNonOperatingIncome": "None", "depreciation": "None", "depreciationAndAmortization": "180000", "incomeBeforeTax": "4164000", "incomeTaxExpense": "768000", "interestAndDebtExpense": "None", "netIncomeFromContinuingOperations": "-32817000", "comprehensiveIncomeNetOfTax": "None", "ebit": "3188000", "ebitda": "3368000", "netIncome": "4164000"}, {"fiscalDateEnding": "2017-09-30", "reportedCurrency": "CHF", "grossProfit": "-7121000", "totalRevenue": "1074000", "costOfRevenue": "8195000", "costofGoodsAndServicesSold": "8195000", "operatingIncome": "-9640000", "sellingGeneralAndAdministrative": "2519000", "researchAndDevelopment": "8195000", "operatingExpenses": "10714000", "investmentIncomeNet": "None", "netInterestIncome": "None", "interestIncome": "None", "interestExpense": "11000", "nonInterestIncome": "None", "otherNonOperatingIncome": "None", "depreciation": "None", "depreciationAndAmortization": "159000", "incomeBeforeTax": "-8793000", "incomeTaxExpense": "869000", "interestAndDebtExpense": "None", "netIncomeFromContinuingOperations": "-177000", "comprehensiveIncomeNetOfTax": "None", "ebit": "-8782000", "ebitda": "-8623000", "netIncome": "-8793000"}, {"fiscalDateEnding": "2017-06-30", "reportedCurrency": "CHF", "grossProfit": "-6085000", "totalRevenue": "753000", "costOfRevenue": "6838000", "costofGoodsAndServicesSold": "6838000", "operatingIncome": "-8253000", "sellingGeneralAndAdministrative": "2168000", "researchAndDevelopment": "6838000", "operatingExpenses": "9006000", "investmentIncomeNet": "None", "netInterestIncome": "None", "interestIncome": "None", "interestExpense": "75198", "nonInterestIncome": "None", "otherNonOperatingIncome": "None", "depreciation": "None", "depreciationAndAmortization": "142000", "incomeBeforeTax": "-12327000", "incomeTaxExpense": "-4000000", "interestAndDebtExpense": "None", "netIncomeFromContinuingOperations": "16038000", "comprehensiveIncomeNetOfTax": "None", "ebit": "-12253000", "ebitda": "-12111000", "netIncome": "-12327000"}, {"fiscalDateEnding": "2017-03-31", "reportedCurrency": "CHF", "grossProfit": "-5448000", "totalRevenue": "2006000", "costOfRevenue": "7454000", "costofGoodsAndServicesSold": "7454000", "operatingIncome": "-7834000", "sellingGeneralAndAdministrative": "2386000", "researchAndDevelopment": "7454000", "operatingExpenses": "9840000", "investmentIncomeNet": "None", "netInterestIncome": "None", "interestIncome": "None", "interestExpense": "1634000", "nonInterestIncome": "None", "otherNonOperatingIncome": "None", "depreciation": "None", "depreciationAndAmortization": "99000", "incomeBeforeTax": "-9455000", "incomeTaxExpense": "13000", "interestAndDebtExpense": "None", "netIncomeFromContinuingOperations": "-9455000", "comprehensiveIncomeNetOfTax": "None", "ebit": "-9454000", "ebitda": "-9355000", "netIncome": "-9455000"}, {"fiscalDateEnding": "2016-12-31", "reportedCurrency": "CHF", "grossProfit": "-5630000", "totalRevenue": "1430000", "costOfRevenue": "7060000", "costofGoodsAndServicesSold": "7060000", "operatingIncome": "-9062000", "sellingGeneralAndAdministrative": "264000", "researchAndDevelopment": "7060000", "operatingExpenses": "10492000", "investmentIncomeNet": "None", "netInterestIncome": "None", "interestIncome": "None", "interestExpense": "715000", "nonInterestIncome": "None", "otherNonOperatingIncome": "None", "depreciation": "None", "depreciationAndAmortization": "80000", "incomeBeforeTax": "-4767000", "incomeTaxExpense": "-751000", "interestAndDebtExpense": "None", "netIncomeFromContinuingOperations": "-7096000", "comprehensiveIncomeNetOfTax": "None", "ebit": "-5482000", "ebitda": "-5402000", "netIncome": "-4767000"}, {"fiscalDateEnding": "2016-09-30", "reportedCurrency": "CHF", "grossProfit": "-6363000", "totalRevenue": "1333000", "costOfRevenue": "7696000", "costofGoodsAndServicesSold": "7696000", "operatingIncome": "-8076000", "sellingGeneralAndAdministrative": "1713000", "researchAndDevelopment": "7696000", "operatingExpenses": "9409000", "investmentIncomeNet": "None", "netInterestIncome": "None", "interestIncome": "None", "interestExpense": "1061000", "nonInterestIncome": "None", "otherNonOperatingIncome": "None", "depreciation": "None", "depreciationAndAmortization": "59000", "incomeBeforeTax": "-9102000", "incomeTaxExpense": "1096000", "interestAndDebtExpense": "None", "netIncomeFromContinuingOperations": "0", "comprehensiveIncomeNetOfTax": "None", "ebit": "-9102000", "ebitda": "-9043000", "netIncome": "-9102000"}, {"fiscalDateEnding": "2016-06-30", "reportedCurrency": "CHF", "grossProfit": "14318000", "totalRevenue": "19964000", "costOfRevenue": "5646000", "costofGoodsAndServicesSold": "5646000", "operatingIncome": "12467000", "sellingGeneralAndAdministrative": "1851000", "researchAndDevelopment": "5646000", "operatingExpenses": "7497000", "investmentIncomeNet": "None", "netInterestIncome": "None", "interestIncome": "None", "interestExpense": "112000", "nonInterestIncome": "None", "otherNonOperatingIncome": "None", "depreciation": "None", "depreciationAndAmortization": "76000", "incomeBeforeTax": "12944000", "incomeTaxExpense": "477000", "interestAndDebtExpense": "None", "netIncomeFromContinuingOperations": "0", "comprehensiveIncomeNetOfTax": "None", "ebit": "12467000", "ebitda": "12543000", "netIncome": "12944000"}, {"fiscalDateEnding": "2016-03-31", "reportedCurrency": "CHF", "grossProfit": "-4885000", "totalRevenue": "487000", "costOfRevenue": "5372000", "costofGoodsAndServicesSold": "5372000", "operatingIncome": "-5784000", "sellingGeneralAndAdministrative": "493000", "researchAndDevelopment": "5372000", "operatingExpenses": "6271000", "investmentIncomeNet": "None", "netInterestIncome": "None", "interestIncome": "None", "interestExpense": "392000", "nonInterestIncome": "None", "otherNonOperatingIncome": "None", "depreciation": "None", "depreciationAndAmortization": "63000", "incomeBeforeTax": "-6175000", "incomeTaxExpense": "393000", "interestAndDebtExpense": "None", "netIncomeFromContinuingOperations": "0", "comprehensiveIncomeNetOfTax": "None", "ebit": "-5783000", "ebitda": "-5720000", "netIncome": "-6175000"}, {"fiscalDateEnding": "2015-12-31", "reportedCurrency": "CHF", "grossProfit": "-5388000", "totalRevenue": "315000", "costOfRevenue": "5703000", "costofGoodsAndServicesSold": "5703000", "operatingIncome": "-6306000", "sellingGeneralAndAdministrative": "459000", "researchAndDevelopment": "5703000", "operatingExpenses": "6621000", "investmentIncomeNet": "None", "netInterestIncome": "None", "interestIncome": "None", "interestExpense": "21000", "nonInterestIncome": "None", "otherNonOperatingIncome": "None", "depreciation": "None", "depreciationAndAmortization": "72000", "incomeBeforeTax": "-5584000", "incomeTaxExpense": "747000", "interestAndDebtExpense": "None", "netIncomeFromContinuingOperations": "20270000", "comprehensiveIncomeNetOfTax": "None", "ebit": "-5563000", "ebitda": "-5491000", "netIncome": "-5584000"}, {"fiscalDateEnding": "2015-09-30", "reportedCurrency": "CHF", "grossProfit": "20218000", "totalRevenue": "24374000", "costOfRevenue": "4156000", "costofGoodsAndServicesSold": "4156000", "operatingIncome": "19328000", "sellingGeneralAndAdministrative": "890000", "researchAndDevelopment": "4156000", "operatingExpenses": "5046000", "investmentIncomeNet": "None", "netInterestIncome": "None", "interestIncome": "None", "interestExpense": "53000", "nonInterestIncome": "None", "otherNonOperatingIncome": "None", "depreciation": "None", "depreciationAndAmortization": "74000", "incomeBeforeTax": "20099000", "incomeTaxExpense": "870000", "interestAndDebtExpense": "None", "netIncomeFromContinuingOperations": "0", "comprehensiveIncomeNetOfTax": "None", "ebit": "19328000", "ebitda": "19402000", "netIncome": "20099000"}, {"fiscalDateEnding": "2015-06-30", "reportedCurrency": "CHF", "grossProfit": "9712000", "totalRevenue": "14166000", "costOfRevenue": "4454000", "costofGoodsAndServicesSold": "4454000", "operatingIncome": "8744000", "sellingGeneralAndAdministrative": "556000", "researchAndDevelopment": "4454000", "operatingExpenses": "5422000", "investmentIncomeNet": "None", "netInterestIncome": "None", "interestIncome": "None", "interestExpense": "2000", "nonInterestIncome": "None", "otherNonOperatingIncome": "None", "depreciation": "None", "depreciationAndAmortization": "73000", "incomeBeforeTax": "8588000", "incomeTaxExpense": "-177000", "interestAndDebtExpense": "None", "netIncomeFromContinuingOperations": "0", "comprehensiveIncomeNetOfTax": "None", "ebit": "8744000", "ebitda": "8817000", "netIncome": "8588000"}, {"fiscalDateEnding": "2015-03-31", "reportedCurrency": "CHF", "grossProfit": "-2501000", "totalRevenue": "235000", "costOfRevenue": "2736000", "costofGoodsAndServicesSold": "2736000", "operatingIncome": "-3275000", "sellingGeneralAndAdministrative": "430000", "researchAndDevelopment": "2736000", "operatingExpenses": "3510000", "investmentIncomeNet": "None", "netInterestIncome": "None", "interestIncome": "None", "interestExpense": "2000", "nonInterestIncome": "None", "otherNonOperatingIncome": "None", "depreciation": "None", "depreciationAndAmortization": "68000", "incomeBeforeTax": "-2965000", "incomeTaxExpense": "299000", "interestAndDebtExpense": "None", "netIncomeFromContinuingOperations": "None", "comprehensiveIncomeNetOfTax": "None", "ebit": "-2963000", "ebitda": "-2895000", "netIncome": "-2965000"}, {"fiscalDateEnding": "2014-12-31", "reportedCurrency": "CHF", "grossProfit": "20926000", "totalRevenue": "26021000", "costOfRevenue": "5095000", "costofGoodsAndServicesSold": "5095000", "operatingIncome": "19807000", "sellingGeneralAndAdministrative": "1119000", "researchAndDevelopment": "5095000", "operatingExpenses": "1118000", "investmentIncomeNet": "None", "netInterestIncome": "None", "interestIncome": "None", "interestExpense": "4000", "nonInterestIncome": "None", "otherNonOperatingIncome": "None", "depreciation": "None", "depreciationAndAmortization": "75000", "incomeBeforeTax": "19812000", "incomeTaxExpense": "0", "interestAndDebtExpense": "None", "netIncomeFromContinuingOperations": "10744000", "comprehensiveIncomeNetOfTax": "None", "ebit": "19807000", "ebitda": "19882000", "netIncome": "19812000"}, {"fiscalDateEnding": "2014-09-30", "reportedCurrency": "None", "grossProfit": "-3639000", "totalRevenue": "188000", "costOfRevenue": "3827000", "costofGoodsAndServicesSold": "3827000", "operatingIncome": "-4467000", "sellingGeneralAndAdministrative": "828000", "researchAndDevelopment": "3827000", "operatingExpenses": "820000", "investmentIncomeNet": "None", "netInterestIncome": "None", "interestIncome": "None", "interestExpense": "None", "nonInterestIncome": "None", "otherNonOperatingIncome": "None", "depreciation": "None", "depreciationAndAmortization": "75000", "incomeBeforeTax": "-4449000", "incomeTaxExpense": "None", "interestAndDebtExpense": "None", "netIncomeFromContinuingOperations": "None", "comprehensiveIncomeNetOfTax": "None", "ebit": "-4467000", "ebitda": "-4392000", "netIncome": "-4449000"}, {"fiscalDateEnding": "2014-06-30", "reportedCurrency": "None", "grossProfit": "-1567000", "totalRevenue": "2030000", "costOfRevenue": "3597000", "costofGoodsAndServicesSold": "3597000", "operatingIncome": "-2311500", "sellingGeneralAndAdministrative": "744500", "researchAndDevelopment": "3597000", "operatingExpenses": "744499", "investmentIncomeNet": "None", "netInterestIncome": "None", "interestIncome": "None", "interestExpense": "None", "nonInterestIncome": "None", "otherNonOperatingIncome": "None", "depreciation": "None", "depreciationAndAmortization": "74000", "incomeBeforeTax": "-2309500", "incomeTaxExpense": "None", "interestAndDebtExpense": "None", "netIncomeFromContinuingOperations": "None", "comprehensiveIncomeNetOfTax": "None", "ebit": "-2311500", "ebitda": "-2237500", "netIncome": "-2309500"}, {"fiscalDateEnding": "2014-03-31", "reportedCurrency": "None", "grossProfit": "-1567000", "totalRevenue": "2030000", "costOfRevenue": "3597000", "costofGoodsAndServicesSold": "3597000", "operatingIncome": "-2311500", "sellingGeneralAndAdministrative": "744500", "researchAndDevelopment": "3597000", "operatingExpenses": "744499", "investmentIncomeNet": "None", "netInterestIncome": "None", "interestIncome": "None", "interestExpense": "None", "nonInterestIncome": "None", "otherNonOperatingIncome": "None", "depreciation": "None", "depreciationAndAmortization": "74000", "incomeBeforeTax": "-2309500", "incomeTaxExpense": "None", "interestAndDebtExpense": "None", "netIncomeFromContinuingOperations": "None", "comprehensiveIncomeNetOfTax": "None", "ebit": "-2311500", "ebitda": "-2237500", "netIncome": "-2309500"}]}