{"symbol": "ACB", "annualReports": [{"fiscalDateEnding": "2025-03-31", "reportedCurrency": "CAD", "grossProfit": "187607000", "totalRevenue": "343293000", "costOfRevenue": "155686000", "costofGoodsAndServicesSold": "155686000", "operatingIncome": "4948000", "sellingGeneralAndAdministrative": "110187000", "researchAndDevelopment": "3676000", "operatingExpenses": "182659000", "investmentIncomeNet": "None", "netInterestIncome": "3085000", "interestIncome": "11505000", "interestExpense": "8420000", "nonInterestIncome": "None", "otherNonOperatingIncome": "None", "depreciation": "None", "depreciationAndAmortization": "22547000", "incomeBeforeTax": "20382000", "incomeTaxExpense": "4619000", "interestAndDebtExpense": "None", "netIncomeFromContinuingOperations": "15763000", "comprehensiveIncomeNetOfTax": "None", "ebit": "28802000", "ebitda": "51349000", "netIncome": "1591000"}, {"fiscalDateEnding": "2024-03-31", "reportedCurrency": "CAD", "grossProfit": "131460000", "totalRevenue": "270281000", "costOfRevenue": "138821000", "costofGoodsAndServicesSold": "138821000", "operatingIncome": "-46453000", "sellingGeneralAndAdministrative": "104939000", "researchAndDevelopment": "3572000", "operatingExpenses": "177913000", "investmentIncomeNet": "None", "netInterestIncome": "-1373000", "interestIncome": "12813000", "interestExpense": "14186000", "nonInterestIncome": "None", "otherNonOperatingIncome": "None", "depreciation": "None", "depreciationAndAmortization": "33071000", "incomeBeforeTax": "-59599000", "incomeTaxExpense": "-554000", "interestAndDebtExpense": "None", "netIncomeFromContinuingOperations": "-59045000", "comprehensiveIncomeNetOfTax": "None", "ebit": "-45413000", "ebitda": "-12342000", "netIncome": "-69326000"}, {"fiscalDateEnding": "2023-03-31", "reportedCurrency": "CAD", "grossProfit": "14784000", "totalRevenue": "223804000", "costOfRevenue": "209020000", "costofGoodsAndServicesSold": "209020000", "operatingIncome": "-207193000", "sellingGeneralAndAdministrative": "102440000", "researchAndDevelopment": "5771000", "operatingExpenses": "221977000", "investmentIncomeNet": "None", "netInterestIncome": "-51525000", "interestIncome": "9876000", "interestExpense": "39461234", "nonInterestIncome": "None", "otherNonOperatingIncome": "None", "depreciation": "None", "depreciationAndAmortization": "52589000", "incomeBeforeTax": "-783702001", "incomeTaxExpense": "16546999", "interestAndDebtExpense": "None", "netIncomeFromContinuingOperations": "-1750022000", "comprehensiveIncomeNetOfTax": "None", "ebit": "-187589000", "ebitda": "-135000000", "netIncome": "-816627000"}, {"fiscalDateEnding": "2022-03-31", "reportedCurrency": "CAD", "grossProfit": "21225000", "totalRevenue": "221339000", "costOfRevenue": "200114000", "costofGoodsAndServicesSold": "200114000", "operatingIncome": "-231449000", "sellingGeneralAndAdministrative": "126969000", "researchAndDevelopment": "10389000", "operatingExpenses": "252674000", "investmentIncomeNet": "None", "netInterestIncome": "-67306000", "interestIncome": "4507000", "interestExpense": "71813000", "nonInterestIncome": "None", "otherNonOperatingIncome": "None", "depreciation": "None", "depreciationAndAmortization": "93660000", "incomeBeforeTax": "-1720120000", "incomeTaxExpense": "-2141000", "interestAndDebtExpense": "None", "netIncomeFromContinuingOperations": "-1717979000", "comprehensiveIncomeNetOfTax": "None", "ebit": "-1648307000", "ebitda": "-1554647000", "netIncome": "-1717624000"}, {"fiscalDateEnding": "2021-03-31", "reportedCurrency": "CAD", "grossProfit": "-21558000", "totalRevenue": "245252000", "costOfRevenue": "266810000", "costofGoodsAndServicesSold": "266810000", "operatingIncome": "-282818000", "sellingGeneralAndAdministrative": "139680000", "researchAndDevelopment": "11447000", "operatingExpenses": "261260000", "investmentIncomeNet": "None", "netInterestIncome": "-60692000", "interestIncome": "5745000", "interestExpense": "66437000", "nonInterestIncome": "None", "otherNonOperatingIncome": "None", "depreciation": "None", "depreciationAndAmortization": "98076000", "incomeBeforeTax": "-699798000", "incomeTaxExpense": "-6321000", "interestAndDebtExpense": "None", "netIncomeFromContinuingOperations": "-693477000", "comprehensiveIncomeNetOfTax": "None", "ebit": "-633361000", "ebitda": "-535285000", "netIncome": "-693625000"}, {"fiscalDateEnding": "2020-03-31", "reportedCurrency": "CAD", "grossProfit": "-19935000", "totalRevenue": "268703000", "costOfRevenue": "288638000", "costofGoodsAndServicesSold": "288638000", "operatingIncome": "-465782000", "sellingGeneralAndAdministrative": "255537000", "researchAndDevelopment": "26027000", "operatingExpenses": "445847000", "investmentIncomeNet": "None", "netInterestIncome": "-72548000", "interestIncome": "56593000", "interestExpense": "76115000", "nonInterestIncome": "None", "otherNonOperatingIncome": "None", "depreciation": "None", "depreciationAndAmortization": "114720000", "incomeBeforeTax": "-3339734000", "incomeTaxExpense": "-82235000", "interestAndDebtExpense": "None", "netIncomeFromContinuingOperations": "-3300493000", "comprehensiveIncomeNetOfTax": "None", "ebit": "-3263619000", "ebitda": "-3148899000", "netIncome": "-3282694000"}, {"fiscalDateEnding": "2019-03-31", "reportedCurrency": "CAD", "grossProfit": "142440000", "totalRevenue": "245536000", "costOfRevenue": "103096000", "costofGoodsAndServicesSold": "103096000", "operatingIncome": "-318278000", "sellingGeneralAndAdministrative": "266108000", "researchAndDevelopment": "14778000", "operatingExpenses": "460718000", "investmentIncomeNet": "None", "netInterestIncome": "-37346000", "interestIncome": "70885000", "interestExpense": "39409000", "nonInterestIncome": "None", "otherNonOperatingIncome": "0", "depreciation": "None", "depreciationAndAmortization": "88255000", "incomeBeforeTax": "-330649000", "incomeTaxExpense": "-29909000", "interestAndDebtExpense": "None", "netIncomeFromContinuingOperations": "-297924000", "comprehensiveIncomeNetOfTax": "None", "ebit": "-291240000", "ebitda": "-202985000", "netIncome": "-293509000"}, {"fiscalDateEnding": "2018-03-31", "reportedCurrency": "CAD", "grossProfit": "43519000", "totalRevenue": "55196000", "costOfRevenue": "11677000", "costofGoodsAndServicesSold": "11677000", "operatingIncome": "-95772000", "sellingGeneralAndAdministrative": "80415000", "researchAndDevelopment": "1679000", "operatingExpenses": "139291000", "investmentIncomeNet": "None", "netInterestIncome": "-10648000", "interestIncome": "190422000", "interestExpense": "11762000", "nonInterestIncome": "None", "otherNonOperatingIncome": "0", "depreciation": "None", "depreciationAndAmortization": "12260000", "incomeBeforeTax": "77327000", "incomeTaxExpense": "8100000", "interestAndDebtExpense": "None", "netIncomeFromContinuingOperations": "69227000", "comprehensiveIncomeNetOfTax": "None", "ebit": "89089000", "ebitda": "101349000", "netIncome": "71936000"}, {"fiscalDateEnding": "2017-03-31", "reportedCurrency": "CAD", "grossProfit": "16056000", "totalRevenue": "18067000", "costOfRevenue": "2011000", "costofGoodsAndServicesSold": "2011000", "operatingIncome": "-11192000", "sellingGeneralAndAdministrative": "14397000", "researchAndDevelopment": "314000", "operatingExpenses": "27248000", "investmentIncomeNet": "None", "netInterestIncome": "-5721000", "interestIncome": "782000", "interestExpense": "1292000", "nonInterestIncome": "None", "otherNonOperatingIncome": "0", "depreciation": "None", "depreciationAndAmortization": "1087000", "incomeBeforeTax": "-17264000", "incomeTaxExpense": "-4296000", "interestAndDebtExpense": "None", "netIncomeFromContinuingOperations": "-12968000", "comprehensiveIncomeNetOfTax": "None", "ebit": "-15972000", "ebitda": "-14885000", "netIncome": "-12968000"}, {"fiscalDateEnding": "2016-03-31", "reportedCurrency": "CAD", "grossProfit": "2202000", "totalRevenue": "1439000", "costOfRevenue": "-763000", "costofGoodsAndServicesSold": "-763000", "operatingIncome": "-4590000", "sellingGeneralAndAdministrative": "3928000", "researchAndDevelopment": "565000", "operatingExpenses": "6792000", "investmentIncomeNet": "None", "netInterestIncome": "-1370723", "interestIncome": "457260", "interestExpense": "619000", "nonInterestIncome": "None", "otherNonOperatingIncome": "0", "depreciation": "None", "depreciationAndAmortization": "593000", "incomeBeforeTax": "-5872000", "incomeTaxExpense": "-149000", "interestAndDebtExpense": "None", "netIncomeFromContinuingOperations": "-5723506", "comprehensiveIncomeNetOfTax": "None", "ebit": "-5253000", "ebitda": "-4660000", "netIncome": "-5723000"}, {"fiscalDateEnding": "2015-03-31", "reportedCurrency": "CAD", "grossProfit": "-304796", "totalRevenue": "0", "costOfRevenue": "304796", "costofGoodsAndServicesSold": "304796", "operatingIncome": "-4367176", "sellingGeneralAndAdministrative": "2608189", "researchAndDevelopment": "432384", "operatingExpenses": "4367176", "investmentIncomeNet": "None", "netInterestIncome": "None", "interestIncome": "None", "interestExpense": "177412", "nonInterestIncome": "None", "otherNonOperatingIncome": "0", "depreciation": "None", "depreciationAndAmortization": "304796", "incomeBeforeTax": "-9726077", "incomeTaxExpense": "-207708", "interestAndDebtExpense": "None", "netIncomeFromContinuingOperations": "-9518369", "comprehensiveIncomeNetOfTax": "None", "ebit": "-9546318", "ebitda": "-9241522", "netIncome": "-9518369"}, {"fiscalDateEnding": "2014-03-31", "reportedCurrency": "CAD", "grossProfit": "None", "totalRevenue": "None", "costOfRevenue": "None", "costofGoodsAndServicesSold": "None", "operatingIncome": "-306485", "sellingGeneralAndAdministrative": "280666", "researchAndDevelopment": "307926", "operatingExpenses": "306485", "investmentIncomeNet": "None", "netInterestIncome": "None", "interestIncome": "None", "interestExpense": "101075", "nonInterestIncome": "None", "otherNonOperatingIncome": "None", "depreciation": "None", "depreciationAndAmortization": "303", "incomeBeforeTax": "-399705", "incomeTaxExpense": "7855", "interestAndDebtExpense": "None", "netIncomeFromContinuingOperations": "None", "comprehensiveIncomeNetOfTax": "None", "ebit": "-298630", "ebitda": "-298327", "netIncome": "-399705"}, {"fiscalDateEnding": "2013-03-31", "reportedCurrency": "CAD", "grossProfit": "None", "totalRevenue": "None", "costOfRevenue": "None", "costofGoodsAndServicesSold": "None", "operatingIncome": "-402878", "sellingGeneralAndAdministrative": "152642", "researchAndDevelopment": "None", "operatingExpenses": "402878", "investmentIncomeNet": "None", "netInterestIncome": "None", "interestIncome": "None", "interestExpense": "9389", "nonInterestIncome": "None", "otherNonOperatingIncome": "None", "depreciation": "None", "depreciationAndAmortization": "432", "incomeBeforeTax": "-393489", "incomeTaxExpense": "None", "interestAndDebtExpense": "None", "netIncomeFromContinuingOperations": "None", "comprehensiveIncomeNetOfTax": "None", "ebit": "-402878", "ebitda": "-402446", "netIncome": "-393489"}, {"fiscalDateEnding": "2012-03-31", "reportedCurrency": "CAD", "grossProfit": "None", "totalRevenue": "None", "costOfRevenue": "None", "costofGoodsAndServicesSold": "None", "operatingIncome": "-330785", "sellingGeneralAndAdministrative": "250022", "researchAndDevelopment": "None", "operatingExpenses": "330785", "investmentIncomeNet": "None", "netInterestIncome": "None", "interestIncome": "None", "interestExpense": "15025", "nonInterestIncome": "None", "otherNonOperatingIncome": "None", "depreciation": "None", "depreciationAndAmortization": "422", "incomeBeforeTax": "-315760", "incomeTaxExpense": "None", "interestAndDebtExpense": "None", "netIncomeFromContinuingOperations": "None", "comprehensiveIncomeNetOfTax": "None", "ebit": "-330785", "ebitda": "-330363", "netIncome": "-315760"}, {"fiscalDateEnding": "2011-03-31", "reportedCurrency": "CAD", "grossProfit": "None", "totalRevenue": "None", "costOfRevenue": "None", "costofGoodsAndServicesSold": "None", "operatingIncome": "-202079", "sellingGeneralAndAdministrative": "181955", "researchAndDevelopment": "None", "operatingExpenses": "201334", "investmentIncomeNet": "None", "netInterestIncome": "None", "interestIncome": "None", "interestExpense": "745", "nonInterestIncome": "None", "otherNonOperatingIncome": "None", "depreciation": "None", "depreciationAndAmortization": "409", "incomeBeforeTax": "-353772", "incomeTaxExpense": "-31275", "interestAndDebtExpense": "None", "netIncomeFromContinuingOperations": "None", "comprehensiveIncomeNetOfTax": "None", "ebit": "-185771", "ebitda": "-185362", "netIncome": "-322497"}, {"fiscalDateEnding": "2010-03-31", "reportedCurrency": "CAD", "grossProfit": "None", "totalRevenue": "None", "costOfRevenue": "None", "costofGoodsAndServicesSold": "None", "operatingIncome": "-58251", "sellingGeneralAndAdministrative": "49986", "researchAndDevelopment": "None", "operatingExpenses": "57767", "investmentIncomeNet": "None", "netInterestIncome": "None", "interestIncome": "None", "interestExpense": "484", "nonInterestIncome": "None", "otherNonOperatingIncome": "None", "depreciation": "None", "depreciationAndAmortization": "583", "incomeBeforeTax": "None", "incomeTaxExpense": "-13861", "interestAndDebtExpense": "None", "netIncomeFromContinuingOperations": "None", "comprehensiveIncomeNetOfTax": "None", "ebit": "-57767", "ebitda": "-57184", "netIncome": "-43906"}, {"fiscalDateEnding": "2009-03-31", "reportedCurrency": "CAD", "grossProfit": "40834", "totalRevenue": "40834", "costOfRevenue": "None", "costofGoodsAndServicesSold": "None", "operatingIncome": "-145349", "sellingGeneralAndAdministrative": "185349", "researchAndDevelopment": "None", "operatingExpenses": "186183", "investmentIncomeNet": "None", "netInterestIncome": "None", "interestIncome": "None", "interestExpense": "310", "nonInterestIncome": "None", "otherNonOperatingIncome": "None", "depreciation": "None", "depreciationAndAmortization": "834", "incomeBeforeTax": "None", "incomeTaxExpense": "310", "interestAndDebtExpense": "None", "netIncomeFromContinuingOperations": "None", "comprehensiveIncomeNetOfTax": "None", "ebit": "-145349", "ebitda": "-144515", "netIncome": "-145659"}, {"fiscalDateEnding": "2008-03-31", "reportedCurrency": "CAD", "grossProfit": "52010", "totalRevenue": "52010", "costOfRevenue": "None", "costofGoodsAndServicesSold": "None", "operatingIncome": "-229047", "sellingGeneralAndAdministrative": "228557", "researchAndDevelopment": "None", "operatingExpenses": "281057", "investmentIncomeNet": "None", "netInterestIncome": "None", "interestIncome": "None", "interestExpense": "249", "nonInterestIncome": "None", "otherNonOperatingIncome": "None", "depreciation": "None", "depreciationAndAmortization": "490", "incomeBeforeTax": "None", "incomeTaxExpense": "-51761", "interestAndDebtExpense": "None", "netIncomeFromContinuingOperations": "None", "comprehensiveIncomeNetOfTax": "None", "ebit": "-177037", "ebitda": "-176547", "netIncome": "-177286"}, {"fiscalDateEnding": "2007-03-31", "reportedCurrency": "CAD", "grossProfit": "None", "totalRevenue": "None", "costOfRevenue": "None", "costofGoodsAndServicesSold": "None", "operatingIncome": "-1246", "sellingGeneralAndAdministrative": "None", "researchAndDevelopment": "None", "operatingExpenses": "1246", "investmentIncomeNet": "None", "netInterestIncome": "None", "interestIncome": "None", "interestExpense": "0", "nonInterestIncome": "None", "otherNonOperatingIncome": "None", "depreciation": "None", "depreciationAndAmortization": "None", "incomeBeforeTax": "None", "incomeTaxExpense": "-1267", "interestAndDebtExpense": "None", "netIncomeFromContinuingOperations": "None", "comprehensiveIncomeNetOfTax": "None", "ebit": "-1246", "ebitda": "-1246", "netIncome": "1267"}], "quarterlyReports": [{"fiscalDateEnding": "2025-12-31", "reportedCurrency": "CAD", "grossProfit": "46620000", "totalRevenue": "94191000", "costOfRevenue": "47571000", "costofGoodsAndServicesSold": "47571000", "operatingIncome": "4806000", "sellingGeneralAndAdministrative": "25205000", "researchAndDevelopment": "1303000", "operatingExpenses": "41814000", "investmentIncomeNet": "None", "netInterestIncome": "-1115000", "interestIncome": "991000", "interestExpense": "2104283", "nonInterestIncome": "None", "otherNonOperatingIncome": "None", "depreciation": "None", "depreciationAndAmortization": "6392000", "incomeBeforeTax": "-1579000", "incomeTaxExpense": "164000", "interestAndDebtExpense": "None", "netIncomeFromContinuingOperations": "-1743000", "comprehensiveIncomeNetOfTax": "None", "ebit": "2184000", "ebitda": "8576000", "netIncome": "1820000"}, {"fiscalDateEnding": "2025-09-30", "reportedCurrency": "CAD", "grossProfit": "78995000", "totalRevenue": "88198000", "costOfRevenue": "9203000", "costofGoodsAndServicesSold": "9203000", "operatingIncome": "36856000", "sellingGeneralAndAdministrative": "25100000", "researchAndDevelopment": "929000", "operatingExpenses": "42139000", "investmentIncomeNet": "None", "netInterestIncome": "-374000", "interestIncome": "1848000", "interestExpense": "1942000", "nonInterestIncome": "None", "otherNonOperatingIncome": "None", "depreciation": "None", "depreciationAndAmortization": "5430000", "incomeBeforeTax": "32069000", "incomeTaxExpense": "841000", "interestAndDebtExpense": "None", "netIncomeFromContinuingOperations": "-53165000", "comprehensiveIncomeNetOfTax": "None", "ebit": "34011000", "ebitda": "39441000", "netIncome": "31669000"}, {"fiscalDateEnding": "2025-06-30", "reportedCurrency": "CAD", "grossProfit": "78995000", "totalRevenue": "88198000", "costOfRevenue": "9203000", "costofGoodsAndServicesSold": "9203000", "operatingIncome": "36856000", "sellingGeneralAndAdministrative": "25100000", "researchAndDevelopment": "929000", "operatingExpenses": "42139000", "investmentIncomeNet": "None", "netInterestIncome": "193000", "interestIncome": "1968000", "interestExpense": "1775000", "nonInterestIncome": "None", "otherNonOperatingIncome": "None", "depreciation": "None", "depreciationAndAmortization": "5430000", "incomeBeforeTax": "32069000", "incomeTaxExpense": "841000", "interestAndDebtExpense": "None", "netIncomeFromContinuingOperations": "-19381000", "comprehensiveIncomeNetOfTax": "None", "ebit": "34011000", "ebitda": "39441000", "netIncome": "31669000"}, {"fiscalDateEnding": "2025-03-31", "reportedCurrency": "CAD", "grossProfit": "21901000", "totalRevenue": "90538000", "costOfRevenue": "68637000", "costofGoodsAndServicesSold": "68637000", "operatingIncome": "-30393000", "sellingGeneralAndAdministrative": "33040000", "researchAndDevelopment": "785000", "operatingExpenses": "52294000", "investmentIncomeNet": "None", "netInterestIncome": "-16000", "interestIncome": "2590000", "interestExpense": "2606000", "nonInterestIncome": "None", "otherNonOperatingIncome": "None", "depreciation": "None", "depreciationAndAmortization": "5953000", "incomeBeforeTax": "-19991000", "incomeTaxExpense": "1993000", "interestAndDebtExpense": "None", "netIncomeFromContinuingOperations": "-21984000", "comprehensiveIncomeNetOfTax": "None", "ebit": "-17385000", "ebitda": "-11432000", "netIncome": "-24557000"}, {"fiscalDateEnding": "2024-12-31", "reportedCurrency": "CAD", "grossProfit": "78995000", "totalRevenue": "88198000", "costOfRevenue": "9203000", "costofGoodsAndServicesSold": "9203000", "operatingIncome": "36856000", "sellingGeneralAndAdministrative": "25100000", "researchAndDevelopment": "929000", "operatingExpenses": "42139000", "investmentIncomeNet": "None", "netInterestIncome": "659000", "interestIncome": "2601000", "interestExpense": "1942000", "nonInterestIncome": "None", "otherNonOperatingIncome": "None", "depreciation": "None", "depreciationAndAmortization": "5430000", "incomeBeforeTax": "32069000", "incomeTaxExpense": "841000", "interestAndDebtExpense": "None", "netIncomeFromContinuingOperations": "31228000", "comprehensiveIncomeNetOfTax": "None", "ebit": "34011000", "ebitda": "39441000", "netIncome": "31669000"}, {"fiscalDateEnding": "2024-09-30", "reportedCurrency": "CAD", "grossProfit": "42165000", "totalRevenue": "81122000", "costOfRevenue": "38957000", "costofGoodsAndServicesSold": "38957000", "operatingIncome": "-2392000", "sellingGeneralAndAdministrative": "26504000", "researchAndDevelopment": "975000", "operatingExpenses": "44557000", "investmentIncomeNet": "None", "netInterestIncome": "832000", "interestIncome": "2968000", "interestExpense": "2136000", "nonInterestIncome": "None", "otherNonOperatingIncome": "None", "depreciation": "None", "depreciationAndAmortization": "5424000", "incomeBeforeTax": "603000", "incomeTaxExpense": "-1072000", "interestAndDebtExpense": "None", "netIncomeFromContinuingOperations": "1675000", "comprehensiveIncomeNetOfTax": "None", "ebit": "2739000", "ebitda": "8163000", "netIncome": "-12041000"}, {"fiscalDateEnding": "2024-06-30", "reportedCurrency": "CAD", "grossProfit": "44546000", "totalRevenue": "83435000", "costOfRevenue": "38889000", "costofGoodsAndServicesSold": "38889000", "operatingIncome": "877000", "sellingGeneralAndAdministrative": "25543000", "researchAndDevelopment": "987000", "operatingExpenses": "43669000", "investmentIncomeNet": "None", "netInterestIncome": "1610000", "interestIncome": "3346000", "interestExpense": "1736000", "nonInterestIncome": "None", "otherNonOperatingIncome": "None", "depreciation": "None", "depreciationAndAmortization": "5740000", "incomeBeforeTax": "7701000", "incomeTaxExpense": "2857000", "interestAndDebtExpense": "None", "netIncomeFromContinuingOperations": "4844000", "comprehensiveIncomeNetOfTax": "None", "ebit": "9437000", "ebitda": "15177000", "netIncome": "6520000"}, {"fiscalDateEnding": "2024-03-31", "reportedCurrency": "CAD", "grossProfit": "51167000", "totalRevenue": "67411000", "costOfRevenue": "16244000", "costofGoodsAndServicesSold": "16244000", "operatingIncome": "3150000", "sellingGeneralAndAdministrative": "28687000", "researchAndDevelopment": "743000", "operatingExpenses": "48017000", "investmentIncomeNet": "None", "netInterestIncome": "832000", "interestIncome": "2889000", "interestExpense": "2057000", "nonInterestIncome": "None", "otherNonOperatingIncome": "None", "depreciation": "None", "depreciationAndAmortization": "6894000", "incomeBeforeTax": "-14041000", "incomeTaxExpense": "-711000", "interestAndDebtExpense": "None", "netIncomeFromContinuingOperations": "-13330000", "comprehensiveIncomeNetOfTax": "None", "ebit": "-11984000", "ebitda": "-5090000", "netIncome": "-17406000"}, {"fiscalDateEnding": "2023-12-31", "reportedCurrency": "CAD", "grossProfit": "24982000", "totalRevenue": "64375000", "costOfRevenue": "39393000", "costofGoodsAndServicesSold": "39393000", "operatingIncome": "-17596000", "sellingGeneralAndAdministrative": "24870000", "researchAndDevelopment": "782000", "operatingExpenses": "42578000", "investmentIncomeNet": "None", "netInterestIncome": "753000", "interestIncome": "3326000", "interestExpense": "2501000", "nonInterestIncome": "None", "otherNonOperatingIncome": "None", "depreciation": "None", "depreciationAndAmortization": "7727000", "incomeBeforeTax": "-17125000", "incomeTaxExpense": "-67000", "interestAndDebtExpense": "None", "netIncomeFromContinuingOperations": "-25218000", "comprehensiveIncomeNetOfTax": "None", "ebit": "-14624000", "ebitda": "-6897000", "netIncome": "-17036000"}, {"fiscalDateEnding": "2023-09-30", "reportedCurrency": "CAD", "grossProfit": "34401000", "totalRevenue": "63119000", "costOfRevenue": "28718000", "costofGoodsAndServicesSold": "28718000", "operatingIncome": "-10825000", "sellingGeneralAndAdministrative": "27095000", "researchAndDevelopment": "946000", "operatingExpenses": "45226000", "investmentIncomeNet": "None", "netInterestIncome": "-977000", "interestIncome": "3247000", "interestExpense": "4099000", "nonInterestIncome": "None", "otherNonOperatingIncome": "None", "depreciation": "None", "depreciationAndAmortization": "7529000", "incomeBeforeTax": "567000", "incomeTaxExpense": "128000", "interestAndDebtExpense": "None", "netIncomeFromContinuingOperations": "256000", "comprehensiveIncomeNetOfTax": "None", "ebit": "4666000", "ebitda": "12195000", "netIncome": "-523000"}, {"fiscalDateEnding": "2023-06-30", "reportedCurrency": "CAD", "grossProfit": "26020000", "totalRevenue": "74732000", "costOfRevenue": "48712000", "costofGoodsAndServicesSold": "48712000", "operatingIncome": "-14421000", "sellingGeneralAndAdministrative": "23630000", "researchAndDevelopment": "1101000", "operatingExpenses": "40441000", "investmentIncomeNet": "None", "netInterestIncome": "-1984000", "interestIncome": "3351000", "interestExpense": "5208000", "nonInterestIncome": "None", "otherNonOperatingIncome": "None", "depreciation": "None", "depreciationAndAmortization": "9924000", "incomeBeforeTax": "-20101000", "incomeTaxExpense": "96000", "interestAndDebtExpense": "None", "netIncomeFromContinuingOperations": "-22204000", "comprehensiveIncomeNetOfTax": "None", "ebit": "-14893000", "ebitda": "-4969000", "netIncome": "-26898000"}, {"fiscalDateEnding": "2023-03-31", "reportedCurrency": "CAD", "grossProfit": "25030161", "totalRevenue": "72133083", "costOfRevenue": "47102922", "costofGoodsAndServicesSold": "47102922", "operatingIncome": "-16238029", "sellingGeneralAndAdministrative": "17579000", "researchAndDevelopment": "1215316", "operatingExpenses": "41268191", "investmentIncomeNet": "None", "netInterestIncome": "None", "interestIncome": "None", "interestExpense": "3858234", "nonInterestIncome": "None", "otherNonOperatingIncome": "None", "depreciation": "None", "depreciationAndAmortization": "319224", "incomeBeforeTax": "455949738", "incomeTaxExpense": "-6877949", "interestAndDebtExpense": "None", "netIncomeFromContinuingOperations": "None", "comprehensiveIncomeNetOfTax": "None", "ebit": "-16238034", "ebitda": "-15918810", "netIncome": "470454329"}, {"fiscalDateEnding": "2022-12-31", "reportedCurrency": "CAD", "grossProfit": "-16170000", "totalRevenue": "61679000", "costOfRevenue": "77849000", "costofGoodsAndServicesSold": "77849000", "operatingIncome": "-71596000", "sellingGeneralAndAdministrative": "31393000", "researchAndDevelopment": "1287000", "operatingExpenses": "55426000", "investmentIncomeNet": "None", "netInterestIncome": "-6048000", "interestIncome": "4214000", "interestExpense": "10262000", "nonInterestIncome": "None", "otherNonOperatingIncome": "None", "depreciation": "None", "depreciationAndAmortization": "12205000", "incomeBeforeTax": "-67281000", "incomeTaxExpense": "-98000", "interestAndDebtExpense": "None", "netIncomeFromContinuingOperations": "-67183000", "comprehensiveIncomeNetOfTax": "None", "ebit": "-57019000", "ebitda": "-44814000", "netIncome": "-65392000"}, {"fiscalDateEnding": "2022-09-30", "reportedCurrency": "CAD", "grossProfit": "-1708000", "totalRevenue": "49263000", "costOfRevenue": "50971000", "costofGoodsAndServicesSold": "50971000", "operatingIncome": "-53824000", "sellingGeneralAndAdministrative": "32236000", "researchAndDevelopment": "1603000", "operatingExpenses": "52116000", "investmentIncomeNet": "None", "netInterestIncome": "-6503000", "interestIncome": "4067000", "interestExpense": "10570000", "nonInterestIncome": "None", "otherNonOperatingIncome": "None", "depreciation": "None", "depreciationAndAmortization": "9959000", "incomeBeforeTax": "-63864000", "incomeTaxExpense": "-11977000", "interestAndDebtExpense": "None", "netIncomeFromContinuingOperations": "-51887000", "comprehensiveIncomeNetOfTax": "None", "ebit": "-53294000", "ebitda": "-43335000", "netIncome": "-51604000"}, {"fiscalDateEnding": "2022-06-30", "reportedCurrency": "CAD", "grossProfit": "4390000", "totalRevenue": "50215000", "costOfRevenue": "45825000", "costofGoodsAndServicesSold": "45825000", "operatingIncome": "-63900000", "sellingGeneralAndAdministrative": "33985000", "researchAndDevelopment": "2456000", "operatingExpenses": "68290000", "investmentIncomeNet": "None", "netInterestIncome": "-14111000", "interestIncome": "660000", "interestExpense": "14771000", "nonInterestIncome": "None", "otherNonOperatingIncome": "None", "depreciation": "None", "depreciationAndAmortization": "21090000", "incomeBeforeTax": "-620140000", "incomeTaxExpense": "-1363000", "interestAndDebtExpense": "None", "netIncomeFromContinuingOperations": "-618777000", "comprehensiveIncomeNetOfTax": "None", "ebit": "-605369000", "ebitda": "-584279000", "netIncome": "-618422000"}, {"fiscalDateEnding": "2022-03-31", "reportedCurrency": "CAD", "grossProfit": "-14189000", "totalRevenue": "50434000", "costOfRevenue": "64623000", "costofGoodsAndServicesSold": "64623000", "operatingIncome": "-72381000", "sellingGeneralAndAdministrative": "27234000", "researchAndDevelopment": "2637000", "operatingExpenses": "58192000", "investmentIncomeNet": "None", "netInterestIncome": "-24863000", "interestIncome": "935000", "interestExpense": "25798000", "nonInterestIncome": "None", "otherNonOperatingIncome": "None", "depreciation": "None", "depreciationAndAmortization": "21976000", "incomeBeforeTax": "-1012377000", "incomeTaxExpense": "-202000", "interestAndDebtExpense": "None", "netIncomeFromContinuingOperations": "-1012175000", "comprehensiveIncomeNetOfTax": "None", "ebit": "-986579000", "ebitda": "-964603000", "netIncome": "-1012175000"}, {"fiscalDateEnding": "2021-12-31", "reportedCurrency": "CAD", "grossProfit": "5580000", "totalRevenue": "60586000", "costOfRevenue": "55006000", "costofGoodsAndServicesSold": "55006000", "operatingIncome": "-55793000", "sellingGeneralAndAdministrative": "32598000", "researchAndDevelopment": "1625000", "operatingExpenses": "61373000", "investmentIncomeNet": "None", "netInterestIncome": "-13443000", "interestIncome": "2461000", "interestExpense": "15904000", "nonInterestIncome": "None", "otherNonOperatingIncome": "None", "depreciation": "None", "depreciationAndAmortization": "26007000", "incomeBeforeTax": "-75511000", "incomeTaxExpense": "-368000", "interestAndDebtExpense": "None", "netIncomeFromContinuingOperations": "-75143000", "comprehensiveIncomeNetOfTax": "None", "ebit": "-59607000", "ebitda": "-33600000", "netIncome": "-74776000"}, {"fiscalDateEnding": "2021-09-30", "reportedCurrency": "CAD", "grossProfit": "25448000", "totalRevenue": "60108000", "costOfRevenue": "34660000", "costofGoodsAndServicesSold": "34660000", "operatingIncome": "-39375000", "sellingGeneralAndAdministrative": "33152000", "researchAndDevelopment": "3671000", "operatingExpenses": "64823000", "investmentIncomeNet": "None", "netInterestIncome": "-14889000", "interestIncome": "451000", "interestExpense": "15340000", "nonInterestIncome": "None", "otherNonOperatingIncome": "None", "depreciation": "None", "depreciationAndAmortization": "24587000", "incomeBeforeTax": "-12092000", "incomeTaxExpense": "-208000", "interestAndDebtExpense": "None", "netIncomeFromContinuingOperations": "-11884000", "comprehensiveIncomeNetOfTax": "None", "ebit": "3248000", "ebitda": "27835000", "netIncome": "-11884000"}, {"fiscalDateEnding": "2021-06-30", "reportedCurrency": "CAD", "grossProfit": "19933000", "totalRevenue": "54606000", "costOfRevenue": "34673000", "costofGoodsAndServicesSold": "34673000", "operatingIncome": "-50488000", "sellingGeneralAndAdministrative": "35960000", "researchAndDevelopment": "3033000", "operatingExpenses": "70421000", "investmentIncomeNet": "None", "netInterestIncome": "-14738000", "interestIncome": "1146000", "interestExpense": "15884000", "nonInterestIncome": "None", "otherNonOperatingIncome": "None", "depreciation": "None", "depreciationAndAmortization": "35179000", "incomeBeforeTax": "-138849000", "incomeTaxExpense": "-9970000", "interestAndDebtExpense": "None", "netIncomeFromContinuingOperations": "-128879000", "comprehensiveIncomeNetOfTax": "None", "ebit": "-122965000", "ebitda": "-87786000", "netIncome": "-128125000"}, {"fiscalDateEnding": "2021-03-31", "reportedCurrency": "CAD", "grossProfit": "-81436000", "totalRevenue": "55161000", "costOfRevenue": "136597000", "costofGoodsAndServicesSold": "136597000", "operatingIncome": "-138931000", "sellingGeneralAndAdministrative": "33749000", "researchAndDevelopment": "3398000", "operatingExpenses": "57495000", "investmentIncomeNet": "None", "netInterestIncome": "-15523000", "interestIncome": "1467000", "interestExpense": "16990000", "nonInterestIncome": "None", "otherNonOperatingIncome": "None", "depreciation": "None", "depreciationAndAmortization": "19819000", "incomeBeforeTax": "-160754000", "incomeTaxExpense": "-129000", "interestAndDebtExpense": "None", "netIncomeFromContinuingOperations": "-164650000", "comprehensiveIncomeNetOfTax": "None", "ebit": "-143764000", "ebitda": "-123945000", "netIncome": "-160625000"}, {"fiscalDateEnding": "2020-12-31", "reportedCurrency": "CAD", "grossProfit": "12213000", "totalRevenue": "67673000", "costOfRevenue": "55460000", "costofGoodsAndServicesSold": "55460000", "operatingIncome": "-52129000", "sellingGeneralAndAdministrative": "33810000", "researchAndDevelopment": "2432000", "operatingExpenses": "64342000", "investmentIncomeNet": "None", "netInterestIncome": "-17007000", "interestIncome": "1865000", "interestExpense": "18850000", "nonInterestIncome": "None", "otherNonOperatingIncome": "None", "depreciation": "None", "depreciationAndAmortization": "25683000", "incomeBeforeTax": "-297055000", "incomeTaxExpense": "3167000", "interestAndDebtExpense": "None", "netIncomeFromContinuingOperations": "-292788000", "comprehensiveIncomeNetOfTax": "None", "ebit": "-278205000", "ebitda": "-252522000", "netIncome": "-297924000"}, {"fiscalDateEnding": "2020-09-30", "reportedCurrency": "CAD", "grossProfit": "35020000", "totalRevenue": "67593000", "costOfRevenue": "32573000", "costofGoodsAndServicesSold": "32573000", "operatingIncome": "-33564000", "sellingGeneralAndAdministrative": "35955000", "researchAndDevelopment": "2583000", "operatingExpenses": "68584000", "investmentIncomeNet": "None", "netInterestIncome": "-13424000", "interestIncome": "14498000", "interestExpense": "14624000", "nonInterestIncome": "None", "otherNonOperatingIncome": "None", "depreciation": "None", "depreciationAndAmortization": "26754000", "incomeBeforeTax": "-98050000", "incomeTaxExpense": "611000", "interestAndDebtExpense": "None", "netIncomeFromContinuingOperations": "-107160000", "comprehensiveIncomeNetOfTax": "None", "ebit": "-83426000", "ebitda": "-56672000", "netIncome": "-101392000"}, {"fiscalDateEnding": "2020-06-30", "reportedCurrency": "CAD", "grossProfit": "-144567000", "totalRevenue": "72114000", "costOfRevenue": "216681000", "costofGoodsAndServicesSold": "216681000", "operatingIncome": "-210381000", "sellingGeneralAndAdministrative": "24589000", "researchAndDevelopment": "7646000", "operatingExpenses": "65814000", "investmentIncomeNet": "None", "netInterestIncome": "-29450000", "interestIncome": "56593000", "interestExpense": "20375183", "nonInterestIncome": "None", "otherNonOperatingIncome": "None", "depreciation": "None", "depreciationAndAmortization": "26018000", "incomeBeforeTax": "-1936152000", "incomeTaxExpense": "-68550000", "interestAndDebtExpense": "None", "netIncomeFromContinuingOperations": "-1867602000", "comprehensiveIncomeNetOfTax": "None", "ebit": "-1907080000", "ebitda": "-1881062000", "netIncome": "-1872903000"}, {"fiscalDateEnding": "2020-03-31", "reportedCurrency": "CAD", "grossProfit": "19645000", "totalRevenue": "73541000", "costOfRevenue": "53896000", "costofGoodsAndServicesSold": "53896000", "operatingIncome": "-83426000", "sellingGeneralAndAdministrative": "57806000", "researchAndDevelopment": "5601000", "operatingExpenses": "103071000", "investmentIncomeNet": "None", "netInterestIncome": "-4481000", "interestIncome": "18846000", "interestExpense": "6655000", "nonInterestIncome": "None", "otherNonOperatingIncome": "None", "depreciation": "None", "depreciationAndAmortization": "27782000", "incomeBeforeTax": "-145969000", "incomeTaxExpense": "-12441000", "interestAndDebtExpense": "None", "netIncomeFromContinuingOperations": "-137363000", "comprehensiveIncomeNetOfTax": "None", "ebit": "-139314000", "ebitda": "-111532000", "netIncome": "-139371000"}, {"fiscalDateEnding": "2019-12-31", "reportedCurrency": "CAD", "grossProfit": "12910000", "totalRevenue": "55138000", "costOfRevenue": "42228000", "costofGoodsAndServicesSold": "42228000", "operatingIncome": "-123658000", "sellingGeneralAndAdministrative": "78123000", "researchAndDevelopment": "6775000", "operatingExpenses": "136568000", "investmentIncomeNet": "None", "netInterestIncome": "-21683000", "interestIncome": "19614000", "interestExpense": "23833000", "nonInterestIncome": "None", "otherNonOperatingIncome": "None", "depreciation": "None", "depreciationAndAmortization": "31486000", "incomeBeforeTax": "-1327311000", "incomeTaxExpense": "-25136000", "interestAndDebtExpense": "None", "netIncomeFromContinuingOperations": "-1305898000", "comprehensiveIncomeNetOfTax": "None", "ebit": "-1303478000", "ebitda": "-1271992000", "netIncome": "-1292349000"}, {"fiscalDateEnding": "2019-09-30", "reportedCurrency": "CAD", "grossProfit": "44165000", "totalRevenue": "73714000", "costOfRevenue": "29549000", "costofGoodsAndServicesSold": "29549000", "operatingIncome": "-77788000", "sellingGeneralAndAdministrative": "75108000", "researchAndDevelopment": "6048000", "operatingExpenses": "121953000", "investmentIncomeNet": "None", "netInterestIncome": "-16934000", "interestIncome": "107377000", "interestExpense": "17876000", "nonInterestIncome": "None", "otherNonOperatingIncome": "None", "depreciation": "None", "depreciationAndAmortization": "29493000", "incomeBeforeTax": "29941000", "incomeTaxExpense": "18704000", "interestAndDebtExpense": "None", "netIncomeFromContinuingOperations": "10370000", "comprehensiveIncomeNetOfTax": "None", "ebit": "47817000", "ebitda": "77310000", "netIncome": "9823000"}, {"fiscalDateEnding": "2019-06-30", "reportedCurrency": "CAD", "grossProfit": "67001000", "totalRevenue": "98942000", "costOfRevenue": "31941000", "costofGoodsAndServicesSold": "31941000", "operatingIncome": "-44564000", "sellingGeneralAndAdministrative": "69520000", "researchAndDevelopment": "6025000", "operatingExpenses": "111565000", "investmentIncomeNet": "None", "netInterestIncome": "-7422000", "interestIncome": "70885000", "interestExpense": "8297000", "nonInterestIncome": "None", "otherNonOperatingIncome": "0", "depreciation": "None", "depreciationAndAmortization": "16895000", "incomeBeforeTax": "12136000", "incomeTaxExpense": "14404000", "interestAndDebtExpense": "None", "netIncomeFromContinuingOperations": "-2268000", "comprehensiveIncomeNetOfTax": "None", "ebit": "20433000", "ebitda": "37328000", "netIncome": "-193000"}, {"fiscalDateEnding": "2019-03-31", "reportedCurrency": "CAD", "grossProfit": "52622000", "totalRevenue": "65145000", "costOfRevenue": "12523000", "costofGoodsAndServicesSold": "12523000", "operatingIncome": "-77617000", "sellingGeneralAndAdministrative": "90040000", "researchAndDevelopment": "3516000", "operatingExpenses": "130239000", "investmentIncomeNet": "None", "netInterestIncome": "-12067000", "interestIncome": "81455000", "interestExpense": "13993000", "nonInterestIncome": "None", "otherNonOperatingIncome": "0", "depreciation": "None", "depreciationAndAmortization": "29383000", "incomeBeforeTax": "-169121000", "incomeTaxExpense": "-8926000", "interestAndDebtExpense": "None", "netIncomeFromContinuingOperations": "-160195000", "comprehensiveIncomeNetOfTax": "None", "ebit": "-155128000", "ebitda": "-125745000", "netIncome": "-158354000"}, {"fiscalDateEnding": "2018-12-31", "reportedCurrency": "CAD", "grossProfit": "32142000", "totalRevenue": "54178000", "costOfRevenue": "22036000", "costofGoodsAndServicesSold": "22036000", "operatingIncome": "-80190000", "sellingGeneralAndAdministrative": "62825000", "researchAndDevelopment": "1811000", "operatingExpenses": "112332000", "investmentIncomeNet": "None", "netInterestIncome": "None", "interestIncome": "None", "interestExpense": "10208000", "nonInterestIncome": "None", "otherNonOperatingIncome": "0", "depreciation": "None", "depreciationAndAmortization": "25957000", "incomeBeforeTax": "-279960000", "incomeTaxExpense": "-40318000", "interestAndDebtExpense": "None", "netIncomeFromContinuingOperations": "-175716380.70", "comprehensiveIncomeNetOfTax": "None", "ebit": "-269752000", "ebitda": "-243795000", "netIncome": "-237752000"}, {"fiscalDateEnding": "2018-09-30", "reportedCurrency": "CAD", "grossProfit": "8050000", "totalRevenue": "29674000", "costOfRevenue": "21624000", "costofGoodsAndServicesSold": "21624000", "operatingIncome": "-111873000", "sellingGeneralAndAdministrative": "57019000", "researchAndDevelopment": "3426000", "operatingExpenses": "119923000", "investmentIncomeNet": "None", "netInterestIncome": "None", "interestIncome": "None", "interestExpense": "8527000", "nonInterestIncome": "None", "otherNonOperatingIncome": "0", "depreciation": "None", "depreciationAndAmortization": "16024000", "incomeBeforeTax": "108714000", "incomeTaxExpense": "4533000", "interestAndDebtExpense": "None", "netIncomeFromContinuingOperations": "104181000", "comprehensiveIncomeNetOfTax": "None", "ebit": "117241000", "ebitda": "133265000", "netIncome": "105462000"}, {"fiscalDateEnding": "2018-06-30", "reportedCurrency": "None", "grossProfit": "20607000", "totalRevenue": "19147000", "costOfRevenue": "-1460000", "costofGoodsAndServicesSold": "-1460000", "operatingIncome": "-46485000", "sellingGeneralAndAdministrative": "34517000", "researchAndDevelopment": "923000", "operatingExpenses": "67092000", "investmentIncomeNet": "None", "netInterestIncome": "None", "interestIncome": "None", "interestExpense": "5775210", "nonInterestIncome": "None", "otherNonOperatingIncome": "None", "depreciation": "None", "depreciationAndAmortization": "9591000", "incomeBeforeTax": "84642000", "incomeTaxExpense": "5376000", "interestAndDebtExpense": "None", "netIncomeFromContinuingOperations": "None", "comprehensiveIncomeNetOfTax": "None", "ebit": "86901000", "ebitda": "96492000", "netIncome": "79869000"}, {"fiscalDateEnding": "2018-03-31", "reportedCurrency": "CAD", "grossProfit": "7615000", "totalRevenue": "16100000", "costOfRevenue": "8485000", "costofGoodsAndServicesSold": "8485000", "operatingIncome": "-30877000", "sellingGeneralAndAdministrative": "25719000", "researchAndDevelopment": "477000", "operatingExpenses": "38492000", "investmentIncomeNet": "None", "netInterestIncome": "None", "interestIncome": "None", "interestExpense": "1565000", "nonInterestIncome": "None", "otherNonOperatingIncome": "0", "depreciation": "None", "depreciationAndAmortization": "1214000", "incomeBeforeTax": "-21968000", "incomeTaxExpense": "-1173000", "interestAndDebtExpense": "None", "netIncomeFromContinuingOperations": "79267000", "comprehensiveIncomeNetOfTax": "None", "ebit": "-20403000", "ebitda": "-19189000", "netIncome": "-19215000"}, {"fiscalDateEnding": "2017-12-31", "reportedCurrency": "CAD", "grossProfit": "6487000", "totalRevenue": "11700000", "costOfRevenue": "5213000", "costofGoodsAndServicesSold": "5213000", "operatingIncome": "-16061000", "sellingGeneralAndAdministrative": "15024000", "researchAndDevelopment": "172000", "operatingExpenses": "22548000", "investmentIncomeNet": "None", "netInterestIncome": "None", "interestIncome": "None", "interestExpense": "1660000", "nonInterestIncome": "None", "otherNonOperatingIncome": "None", "depreciation": "None", "depreciationAndAmortization": "679000", "incomeBeforeTax": "9989000", "incomeTaxExpense": "2794000", "interestAndDebtExpense": "None", "netIncomeFromContinuingOperations": "-20795000", "comprehensiveIncomeNetOfTax": "None", "ebit": "11649000", "ebitda": "12328000", "netIncome": "7722000"}, {"fiscalDateEnding": "2017-09-30", "reportedCurrency": "CAD", "grossProfit": "8810000", "totalRevenue": "8249000", "costOfRevenue": "-561000", "costofGoodsAndServicesSold": "-561000", "operatingIncome": "-1418000", "sellingGeneralAndAdministrative": "5479000", "researchAndDevelopment": "107000", "operatingExpenses": "10228000", "investmentIncomeNet": "None", "netInterestIncome": "None", "interestIncome": "None", "interestExpense": "167000", "nonInterestIncome": "None", "otherNonOperatingIncome": "None", "depreciation": "None", "depreciationAndAmortization": "776000", "incomeBeforeTax": "4663000", "incomeTaxExpense": "1103000", "interestAndDebtExpense": "None", "netIncomeFromContinuingOperations": "5734555.60", "comprehensiveIncomeNetOfTax": "None", "ebit": "4830000", "ebitda": "5606000", "netIncome": "3560000"}, {"fiscalDateEnding": "2017-06-30", "reportedCurrency": "CAD", "grossProfit": "5846751", "totalRevenue": "5935812", "costOfRevenue": "89061", "costofGoodsAndServicesSold": "89061", "operatingIncome": "-3708000", "sellingGeneralAndAdministrative": "4060614", "researchAndDevelopment": "122924", "operatingExpenses": "9554752", "investmentIncomeNet": "None", "netInterestIncome": "None", "interestIncome": "None", "interestExpense": "4831283", "nonInterestIncome": "None", "otherNonOperatingIncome": "None", "depreciation": "None", "depreciationAndAmortization": "335234", "incomeBeforeTax": "-7176970", "incomeTaxExpense": "-2360746", "interestAndDebtExpense": "None", "netIncomeFromContinuingOperations": "2845950.92", "comprehensiveIncomeNetOfTax": "None", "ebit": "-12008253", "ebitda": "-11673019", "netIncome": "-4816224"}, {"fiscalDateEnding": "2017-03-31", "reportedCurrency": "CAD", "grossProfit": "5762000", "totalRevenue": "5175000", "costOfRevenue": "-607000", "costofGoodsAndServicesSold": "-607000", "operatingIncome": "-1832000", "sellingGeneralAndAdministrative": "4669000", "researchAndDevelopment": "52000", "operatingExpenses": "7614000", "investmentIncomeNet": "None", "netInterestIncome": "None", "interestIncome": "None", "interestExpense": "549000", "nonInterestIncome": "None", "otherNonOperatingIncome": "None", "depreciation": "None", "depreciationAndAmortization": "281000", "incomeBeforeTax": "280000", "incomeTaxExpense": "139000", "interestAndDebtExpense": "None", "netIncomeFromContinuingOperations": "0", "comprehensiveIncomeNetOfTax": "None", "ebit": "829000", "ebitda": "1110000", "netIncome": "141000"}, {"fiscalDateEnding": "2016-12-31", "reportedCurrency": "CAD", "grossProfit": "4360000", "totalRevenue": "3884000", "costOfRevenue": "-476000", "costofGoodsAndServicesSold": "-476000", "operatingIncome": "-2377000", "sellingGeneralAndAdministrative": "4060000", "researchAndDevelopment": "99000", "operatingExpenses": "6737000", "investmentIncomeNet": "None", "netInterestIncome": "None", "interestIncome": "None", "interestExpense": "513000", "nonInterestIncome": "None", "otherNonOperatingIncome": "None", "depreciation": "None", "depreciationAndAmortization": "312000", "incomeBeforeTax": "-4078000", "incomeTaxExpense": "-1400000", "interestAndDebtExpense": "None", "netIncomeFromContinuingOperations": "0", "comprehensiveIncomeNetOfTax": "None", "ebit": "-3565000", "ebitda": "-3253000", "netIncome": "-2678000"}, {"fiscalDateEnding": "2016-09-30", "reportedCurrency": "CAD", "grossProfit": "86000", "totalRevenue": "3071000", "costOfRevenue": "2985000", "costofGoodsAndServicesSold": "2985000", "operatingIncome": "-3275000", "sellingGeneralAndAdministrative": "1427000", "researchAndDevelopment": "40000", "operatingExpenses": "3361000", "investmentIncomeNet": "None", "netInterestIncome": "None", "interestIncome": "None", "interestExpense": "544000", "nonInterestIncome": "None", "otherNonOperatingIncome": "None", "depreciation": "None", "depreciationAndAmortization": "159000", "incomeBeforeTax": "-6287000", "incomeTaxExpense": "-674000", "interestAndDebtExpense": "None", "netIncomeFromContinuingOperations": "0", "comprehensiveIncomeNetOfTax": "None", "ebit": "-5743000", "ebitda": "-5584000", "netIncome": "-5613000"}, {"fiscalDateEnding": "2016-06-30", "reportedCurrency": "CAD", "grossProfit": "-4208646", "totalRevenue": "1220041", "costOfRevenue": "5428687", "costofGoodsAndServicesSold": "5428687", "operatingIncome": "-2431119", "sellingGeneralAndAdministrative": "1283709", "researchAndDevelopment": "250337", "operatingExpenses": "-1777527", "investmentIncomeNet": "None", "netInterestIncome": "None", "interestIncome": "None", "interestExpense": "237378", "nonInterestIncome": "None", "otherNonOperatingIncome": "None", "depreciation": "None", "depreciationAndAmortization": "150416", "incomeBeforeTax": "-7586392", "incomeTaxExpense": "-112284", "interestAndDebtExpense": "None", "netIncomeFromContinuingOperations": "0", "comprehensiveIncomeNetOfTax": "None", "ebit": "-7349014", "ebitda": "-7198598", "netIncome": "-7474108"}, {"fiscalDateEnding": "2016-03-31", "reportedCurrency": "CAD", "grossProfit": "4191186", "totalRevenue": "219230", "costOfRevenue": "-3971956", "costofGoodsAndServicesSold": "-3971956", "operatingIncome": "2668392", "sellingGeneralAndAdministrative": "803130", "researchAndDevelopment": "109176", "operatingExpenses": "1522794", "investmentIncomeNet": "None", "netInterestIncome": "None", "interestIncome": "None", "interestExpense": "191269", "nonInterestIncome": "None", "otherNonOperatingIncome": "None", "depreciation": "None", "depreciationAndAmortization": "149897", "incomeBeforeTax": "2490289", "incomeTaxExpense": "-36553", "interestAndDebtExpense": "None", "netIncomeFromContinuingOperations": "0", "comprehensiveIncomeNetOfTax": "None", "ebit": "2681558", "ebitda": "2831455", "netIncome": "2526842"}, {"fiscalDateEnding": "2015-12-31", "reportedCurrency": "CAD", "grossProfit": "2219696", "totalRevenue": "4439392", "costOfRevenue": "-2219696", "costofGoodsAndServicesSold": "-2219696", "operatingIncome": "673594", "sellingGeneralAndAdministrative": "1043550", "researchAndDevelopment": "109067", "operatingExpenses": "1546102", "investmentIncomeNet": "None", "netInterestIncome": "None", "interestIncome": "None", "interestExpense": "112839", "nonInterestIncome": "None", "otherNonOperatingIncome": "None", "depreciation": "None", "depreciationAndAmortization": "129595", "incomeBeforeTax": "592927", "incomeTaxExpense": "2565", "interestAndDebtExpense": "None", "netIncomeFromContinuingOperations": "0", "comprehensiveIncomeNetOfTax": "None", "ebit": "705766", "ebitda": "835361", "netIncome": "592927"}, {"fiscalDateEnding": "2015-09-30", "reportedCurrency": "CAD", "grossProfit": "2219696", "totalRevenue": "4439392", "costOfRevenue": "2219696", "costofGoodsAndServicesSold": "2219696", "operatingIncome": "-1182404", "sellingGeneralAndAdministrative": "797809", "researchAndDevelopment": "96560", "operatingExpenses": "1182404", "investmentIncomeNet": "None", "netInterestIncome": "None", "interestIncome": "None", "interestExpense": "200981", "nonInterestIncome": "None", "otherNonOperatingIncome": "None", "depreciation": "None", "depreciationAndAmortization": "163308", "incomeBeforeTax": "-1369168", "incomeTaxExpense": "-40344", "interestAndDebtExpense": "None", "netIncomeFromContinuingOperations": "0", "comprehensiveIncomeNetOfTax": "None", "ebit": "-1168187", "ebitda": "-1004879", "netIncome": "-1369168"}, {"fiscalDateEnding": "2015-06-30", "reportedCurrency": "CAD", "grossProfit": "-18500", "totalRevenue": "-18500", "costOfRevenue": "0", "costofGoodsAndServicesSold": "0", "operatingIncome": "-2097062", "sellingGeneralAndAdministrative": "915427", "researchAndDevelopment": "208521", "operatingExpenses": "2078562", "investmentIncomeNet": "None", "netInterestIncome": "None", "interestIncome": "None", "interestExpense": "57305", "nonInterestIncome": "None", "otherNonOperatingIncome": "None", "depreciation": "None", "depreciationAndAmortization": "-93124", "incomeBeforeTax": "29040458", "incomeTaxExpense": "28725514", "interestAndDebtExpense": "None", "netIncomeFromContinuingOperations": "0", "comprehensiveIncomeNetOfTax": "None", "ebit": "29097763", "ebitda": "29004639", "netIncome": "29248166"}, {"fiscalDateEnding": "2015-03-31", "reportedCurrency": "CAD", "grossProfit": "-18500", "totalRevenue": "-18500", "costOfRevenue": "0", "costofGoodsAndServicesSold": "0", "operatingIncome": "689460", "sellingGeneralAndAdministrative": "568189", "researchAndDevelopment": "112458", "operatingExpenses": "-689460", "investmentIncomeNet": "None", "netInterestIncome": "None", "interestIncome": "None", "interestExpense": "30105", "nonInterestIncome": "None", "otherNonOperatingIncome": "None", "depreciation": "None", "depreciationAndAmortization": "-143519", "incomeBeforeTax": "-773178", "incomeTaxExpense": "-1432533", "interestAndDebtExpense": "None", "netIncomeFromContinuingOperations": "0", "comprehensiveIncomeNetOfTax": "None", "ebit": "-743073", "ebitda": "-886592", "netIncome": "-773178"}, {"fiscalDateEnding": "2014-12-31", "reportedCurrency": "CAD", "grossProfit": "0", "totalRevenue": "0", "costOfRevenue": "0", "costofGoodsAndServicesSold": "0", "operatingIncome": "-1185706", "sellingGeneralAndAdministrative": "425237", "researchAndDevelopment": "84770", "operatingExpenses": "1185706", "investmentIncomeNet": "None", "netInterestIncome": "None", "interestIncome": "None", "interestExpense": "12461", "nonInterestIncome": "None", "otherNonOperatingIncome": "None", "depreciation": "None", "depreciationAndAmortization": "541439", "incomeBeforeTax": "-6264257", "incomeTaxExpense": "-11607", "interestAndDebtExpense": "None", "netIncomeFromContinuingOperations": "0", "comprehensiveIncomeNetOfTax": "None", "ebit": "-6251796", "ebitda": "-5710357", "netIncome": "-6252650"}, {"fiscalDateEnding": "2014-09-30", "reportedCurrency": "CAD", "grossProfit": "0", "totalRevenue": "0", "costOfRevenue": "0", "costofGoodsAndServicesSold": "0", "operatingIncome": "-924887", "sellingGeneralAndAdministrative": "658448", "researchAndDevelopment": "26635", "operatingExpenses": "924887", "investmentIncomeNet": "None", "netInterestIncome": "None", "interestIncome": "None", "interestExpense": "10987", "nonInterestIncome": "None", "otherNonOperatingIncome": "None", "depreciation": "None", "depreciationAndAmortization": "53", "incomeBeforeTax": "-925157", "incomeTaxExpense": "-196101", "interestAndDebtExpense": "None", "netIncomeFromContinuingOperations": "0", "comprehensiveIncomeNetOfTax": "None", "ebit": "-497308", "ebitda": "-924887", "netIncome": "-729056"}, {"fiscalDateEnding": "2014-06-30", "reportedCurrency": "CAD", "grossProfit": "0", "totalRevenue": "0", "costOfRevenue": "0", "costofGoodsAndServicesSold": "0", "operatingIncome": "-139828", "sellingGeneralAndAdministrative": "120365", "researchAndDevelopment": "26635", "operatingExpenses": "139828", "investmentIncomeNet": "None", "netInterestIncome": "None", "interestIncome": "None", "interestExpense": "98069", "nonInterestIncome": "None", "otherNonOperatingIncome": "None", "depreciation": "None", "depreciationAndAmortization": "76", "incomeBeforeTax": "-237897", "incomeTaxExpense": "7855", "interestAndDebtExpense": "None", "netIncomeFromContinuingOperations": "0", "comprehensiveIncomeNetOfTax": "None", "ebit": "-131973", "ebitda": "-131897", "netIncome": "-237897"}, {"fiscalDateEnding": "2014-03-31", "reportedCurrency": "CAD", "grossProfit": "None", "totalRevenue": "None", "costOfRevenue": "None", "costofGoodsAndServicesSold": "None", "operatingIncome": "-94540", "sellingGeneralAndAdministrative": "85200", "researchAndDevelopment": "None", "operatingExpenses": "94540", "investmentIncomeNet": "None", "netInterestIncome": "None", "interestIncome": "None", "interestExpense": "1577", "nonInterestIncome": "None", "otherNonOperatingIncome": "None", "depreciation": "None", "depreciationAndAmortization": "76", "incomeBeforeTax": "-92963", "incomeTaxExpense": "7855", "interestAndDebtExpense": "None", "netIncomeFromContinuingOperations": "None", "comprehensiveIncomeNetOfTax": "None", "ebit": "-94540", "ebitda": "-94464", "netIncome": "-92963"}, {"fiscalDateEnding": "2013-12-31", "reportedCurrency": "CAD", "grossProfit": "None", "totalRevenue": "None", "costOfRevenue": "None", "costofGoodsAndServicesSold": "None", "operatingIncome": "-30776", "sellingGeneralAndAdministrative": "34527", "researchAndDevelopment": "None", "operatingExpenses": "30776", "investmentIncomeNet": "None", "netInterestIncome": "None", "interestIncome": "None", "interestExpense": "1676", "nonInterestIncome": "None", "otherNonOperatingIncome": "None", "depreciation": "None", "depreciationAndAmortization": "75", "incomeBeforeTax": "-29100", "incomeTaxExpense": "None", "interestAndDebtExpense": "None", "netIncomeFromContinuingOperations": "None", "comprehensiveIncomeNetOfTax": "None", "ebit": "-30776", "ebitda": "-30701", "netIncome": "-29100"}, {"fiscalDateEnding": "2013-09-30", "reportedCurrency": "CAD", "grossProfit": "None", "totalRevenue": "None", "costOfRevenue": "None", "costofGoodsAndServicesSold": "None", "operatingIncome": "-41341", "sellingGeneralAndAdministrative": "40524", "researchAndDevelopment": "None", "operatingExpenses": "41341", "investmentIncomeNet": "None", "netInterestIncome": "None", "interestIncome": "None", "interestExpense": "50", "nonInterestIncome": "None", "otherNonOperatingIncome": "None", "depreciation": "None", "depreciationAndAmortization": "76", "incomeBeforeTax": "-39745", "incomeTaxExpense": "None", "interestAndDebtExpense": "None", "netIncomeFromContinuingOperations": "None", "comprehensiveIncomeNetOfTax": "None", "ebit": "-39695", "ebitda": "-39619", "netIncome": "-39745"}, {"fiscalDateEnding": "2013-06-30", "reportedCurrency": "CAD", "grossProfit": "None", "totalRevenue": "None", "costOfRevenue": "None", "costofGoodsAndServicesSold": "None", "operatingIncome": "-107247", "sellingGeneralAndAdministrative": "19318", "researchAndDevelopment": "None", "operatingExpenses": "107247", "investmentIncomeNet": "None", "netInterestIncome": "None", "interestIncome": "None", "interestExpense": "1833", "nonInterestIncome": "None", "otherNonOperatingIncome": "None", "depreciation": "None", "depreciationAndAmortization": "108", "incomeBeforeTax": "-105414", "incomeTaxExpense": "None", "interestAndDebtExpense": "None", "netIncomeFromContinuingOperations": "None", "comprehensiveIncomeNetOfTax": "None", "ebit": "-107247", "ebitda": "-107139", "netIncome": "-105414"}, {"fiscalDateEnding": "2013-03-31", "reportedCurrency": "CAD", "grossProfit": "None", "totalRevenue": "None", "costOfRevenue": "None", "costofGoodsAndServicesSold": "None", "operatingIncome": "-75206", "sellingGeneralAndAdministrative": "31159", "researchAndDevelopment": "None", "operatingExpenses": "75206", "investmentIncomeNet": "None", "netInterestIncome": "None", "interestIncome": "None", "interestExpense": "2152", "nonInterestIncome": "None", "otherNonOperatingIncome": "None", "depreciation": "None", "depreciationAndAmortization": "107", "incomeBeforeTax": "-73054", "incomeTaxExpense": "None", "interestAndDebtExpense": "None", "netIncomeFromContinuingOperations": "None", "comprehensiveIncomeNetOfTax": "None", "ebit": "-75206", "ebitda": "-75099", "netIncome": "-73054"}, {"fiscalDateEnding": "2012-12-31", "reportedCurrency": "CAD", "grossProfit": "None", "totalRevenue": "None", "costOfRevenue": "None", "costofGoodsAndServicesSold": "None", "operatingIncome": "-70474", "sellingGeneralAndAdministrative": "30626", "researchAndDevelopment": "None", "operatingExpenses": "70474", "investmentIncomeNet": "None", "netInterestIncome": "None", "interestIncome": "None", "interestExpense": "2369", "nonInterestIncome": "None", "otherNonOperatingIncome": "None", "depreciation": "None", "depreciationAndAmortization": "109", "incomeBeforeTax": "-68105", "incomeTaxExpense": "None", "interestAndDebtExpense": "None", "netIncomeFromContinuingOperations": "None", "comprehensiveIncomeNetOfTax": "None", "ebit": "-70474", "ebitda": "-70365", "netIncome": "-68105"}, {"fiscalDateEnding": "2012-09-30", "reportedCurrency": "CAD", "grossProfit": "None", "totalRevenue": "None", "costOfRevenue": "None", "costofGoodsAndServicesSold": "None", "operatingIncome": "-151951", "sellingGeneralAndAdministrative": "76908", "researchAndDevelopment": "None", "operatingExpenses": "151951", "investmentIncomeNet": "None", "netInterestIncome": "None", "interestIncome": "None", "interestExpense": "190", "nonInterestIncome": "None", "otherNonOperatingIncome": "None", "depreciation": "None", "depreciationAndAmortization": "108", "incomeBeforeTax": "-148916", "incomeTaxExpense": "3035", "interestAndDebtExpense": "None", "netIncomeFromContinuingOperations": "None", "comprehensiveIncomeNetOfTax": "None", "ebit": "-151951", "ebitda": "-151843", "netIncome": "-148916"}, {"fiscalDateEnding": "2012-06-30", "reportedCurrency": "CAD", "grossProfit": "None", "totalRevenue": "None", "costOfRevenue": "None", "costofGoodsAndServicesSold": "None", "operatingIncome": "-202088", "sellingGeneralAndAdministrative": "132815", "researchAndDevelopment": "None", "operatingExpenses": "202088", "investmentIncomeNet": "None", "netInterestIncome": "None", "interestIncome": "None", "interestExpense": "3925", "nonInterestIncome": "None", "otherNonOperatingIncome": "None", "depreciation": "None", "depreciationAndAmortization": "105", "incomeBeforeTax": "-198163", "incomeTaxExpense": "-11470", "interestAndDebtExpense": "None", "netIncomeFromContinuingOperations": "None", "comprehensiveIncomeNetOfTax": "None", "ebit": "-213558", "ebitda": "-213453", "netIncome": "-198163"}, {"fiscalDateEnding": "2012-03-31", "reportedCurrency": "CAD", "grossProfit": "None", "totalRevenue": "None", "costOfRevenue": "None", "costofGoodsAndServicesSold": "None", "operatingIncome": "-45331", "sellingGeneralAndAdministrative": "35040", "researchAndDevelopment": "None", "operatingExpenses": "45331", "investmentIncomeNet": "None", "netInterestIncome": "None", "interestIncome": "None", "interestExpense": "110", "nonInterestIncome": "None", "otherNonOperatingIncome": "None", "depreciation": "None", "depreciationAndAmortization": "105", "incomeBeforeTax": "-41549", "incomeTaxExpense": "3782", "interestAndDebtExpense": "None", "netIncomeFromContinuingOperations": "None", "comprehensiveIncomeNetOfTax": "None", "ebit": "-45331", "ebitda": "-45226", "netIncome": "-41549"}, {"fiscalDateEnding": "2011-12-31", "reportedCurrency": "CAD", "grossProfit": "None", "totalRevenue": "None", "costOfRevenue": "None", "costofGoodsAndServicesSold": "None", "operatingIncome": "-38998", "sellingGeneralAndAdministrative": "33486", "researchAndDevelopment": "None", "operatingExpenses": "38998", "investmentIncomeNet": "None", "netInterestIncome": "None", "interestIncome": "None", "interestExpense": "134", "nonInterestIncome": "None", "otherNonOperatingIncome": "None", "depreciation": "None", "depreciationAndAmortization": "106", "incomeBeforeTax": "-35126", "incomeTaxExpense": "-3738", "interestAndDebtExpense": "None", "netIncomeFromContinuingOperations": "None", "comprehensiveIncomeNetOfTax": "None", "ebit": "-38998", "ebitda": "-38892", "netIncome": "-35126"}, {"fiscalDateEnding": "2011-09-30", "reportedCurrency": "CAD", "grossProfit": "None", "totalRevenue": "None", "costOfRevenue": "None", "costofGoodsAndServicesSold": "None", "operatingIncome": "-44522", "sellingGeneralAndAdministrative": "38772", "researchAndDevelopment": "None", "operatingExpenses": "44522", "investmentIncomeNet": "None", "netInterestIncome": "None", "interestIncome": "None", "interestExpense": "126", "nonInterestIncome": "None", "otherNonOperatingIncome": "None", "depreciation": "None", "depreciationAndAmortization": "106", "incomeBeforeTax": "-40832", "incomeTaxExpense": "-3690", "interestAndDebtExpense": "None", "netIncomeFromContinuingOperations": "None", "comprehensiveIncomeNetOfTax": "None", "ebit": "-40706", "ebitda": "-40600", "netIncome": "-40832"}, {"fiscalDateEnding": "2011-06-30", "reportedCurrency": "CAD", "grossProfit": "None", "totalRevenue": "None", "costOfRevenue": "None", "costofGoodsAndServicesSold": "None", "operatingIncome": "-58600", "sellingGeneralAndAdministrative": "103947", "researchAndDevelopment": "None", "operatingExpenses": "58600", "investmentIncomeNet": "None", "netInterestIncome": "None", "interestIncome": "None", "interestExpense": "169", "nonInterestIncome": "None", "otherNonOperatingIncome": "None", "depreciation": "None", "depreciationAndAmortization": "102", "incomeBeforeTax": "-54754", "incomeTaxExpense": "169", "interestAndDebtExpense": "None", "netIncomeFromContinuingOperations": "None", "comprehensiveIncomeNetOfTax": "None", "ebit": "-54585", "ebitda": "-54483", "netIncome": "-54754"}, {"fiscalDateEnding": "2011-03-31", "reportedCurrency": "CAD", "grossProfit": "None", "totalRevenue": "None", "costOfRevenue": "None", "costofGoodsAndServicesSold": "None", "operatingIncome": "-57378", "sellingGeneralAndAdministrative": "57000", "researchAndDevelopment": "None", "operatingExpenses": "57378", "investmentIncomeNet": "None", "netInterestIncome": "None", "interestIncome": "None", "interestExpense": "110", "nonInterestIncome": "None", "otherNonOperatingIncome": "None", "depreciation": "None", "depreciationAndAmortization": "103", "incomeBeforeTax": "-220833", "incomeTaxExpense": "110", "interestAndDebtExpense": "None", "netIncomeFromContinuingOperations": "None", "comprehensiveIncomeNetOfTax": "None", "ebit": "-220723", "ebitda": "-220620", "netIncome": "-220833"}, {"fiscalDateEnding": "2010-12-31", "reportedCurrency": "CAD", "grossProfit": "None", "totalRevenue": "None", "costOfRevenue": "None", "costofGoodsAndServicesSold": "None", "operatingIncome": "-47777", "sellingGeneralAndAdministrative": "35690", "researchAndDevelopment": "None", "operatingExpenses": "47777", "investmentIncomeNet": "None", "netInterestIncome": "None", "interestIncome": "None", "interestExpense": "300", "nonInterestIncome": "None", "otherNonOperatingIncome": "None", "depreciation": "None", "depreciationAndAmortization": "101", "incomeBeforeTax": "-43892", "incomeTaxExpense": "-31275", "interestAndDebtExpense": "None", "netIncomeFromContinuingOperations": "None", "comprehensiveIncomeNetOfTax": "None", "ebit": "-47777", "ebitda": "-47676", "netIncome": "-43892"}, {"fiscalDateEnding": "2010-09-30", "reportedCurrency": "CAD", "grossProfit": "None", "totalRevenue": "None", "costOfRevenue": "None", "costofGoodsAndServicesSold": "None", "operatingIncome": "-37914", "sellingGeneralAndAdministrative": "35498", "researchAndDevelopment": "None", "operatingExpenses": "37914", "investmentIncomeNet": "None", "netInterestIncome": "None", "interestIncome": "None", "interestExpense": "166", "nonInterestIncome": "None", "otherNonOperatingIncome": "None", "depreciation": "None", "depreciationAndAmortization": "103", "incomeBeforeTax": "-43892", "incomeTaxExpense": "-3455", "interestAndDebtExpense": "None", "netIncomeFromContinuingOperations": "None", "comprehensiveIncomeNetOfTax": "None", "ebit": "-37748", "ebitda": "-37645", "netIncome": "-34293"}, {"fiscalDateEnding": "2010-06-30", "reportedCurrency": "CAD", "grossProfit": "None", "totalRevenue": "None", "costOfRevenue": "None", "costofGoodsAndServicesSold": "None", "operatingIncome": "-49958", "sellingGeneralAndAdministrative": "18697", "researchAndDevelopment": "None", "operatingExpenses": "49958", "investmentIncomeNet": "None", "netInterestIncome": "None", "interestIncome": "None", "interestExpense": "213", "nonInterestIncome": "None", "otherNonOperatingIncome": "None", "depreciation": "None", "depreciationAndAmortization": "146", "incomeBeforeTax": "None", "incomeTaxExpense": "-14132", "interestAndDebtExpense": "None", "netIncomeFromContinuingOperations": "None", "comprehensiveIncomeNetOfTax": "None", "ebit": "-61940", "ebitda": "-61794", "netIncome": "-47808"}, {"fiscalDateEnding": "2010-03-31", "reportedCurrency": "CAD", "grossProfit": "None", "totalRevenue": "None", "costOfRevenue": "None", "costofGoodsAndServicesSold": "None", "operatingIncome": "-28359", "sellingGeneralAndAdministrative": "15124", "researchAndDevelopment": "None", "operatingExpenses": "28359", "investmentIncomeNet": "None", "netInterestIncome": "None", "interestIncome": "None", "interestExpense": "94", "nonInterestIncome": "None", "otherNonOperatingIncome": "None", "depreciation": "None", "depreciationAndAmortization": "146", "incomeBeforeTax": "-26478", "incomeTaxExpense": "94", "interestAndDebtExpense": "None", "netIncomeFromContinuingOperations": "None", "comprehensiveIncomeNetOfTax": "None", "ebit": "-26384", "ebitda": "-26238", "netIncome": "-26478"}, {"fiscalDateEnding": "2009-12-31", "reportedCurrency": "CAD", "grossProfit": "None", "totalRevenue": "None", "costOfRevenue": "None", "costofGoodsAndServicesSold": "None", "operatingIncome": "-13383", "sellingGeneralAndAdministrative": "12461", "researchAndDevelopment": "None", "operatingExpenses": "13383", "investmentIncomeNet": "None", "netInterestIncome": "None", "interestIncome": "None", "interestExpense": "83", "nonInterestIncome": "None", "otherNonOperatingIncome": "None", "depreciation": "None", "depreciationAndAmortization": "146", "incomeBeforeTax": "-10196", "incomeTaxExpense": "-3104", "interestAndDebtExpense": "None", "netIncomeFromContinuingOperations": "None", "comprehensiveIncomeNetOfTax": "None", "ebit": "-10113", "ebitda": "-9967", "netIncome": "-10196"}, {"fiscalDateEnding": "2009-09-30", "reportedCurrency": "CAD", "grossProfit": "None", "totalRevenue": "None", "costOfRevenue": "None", "costofGoodsAndServicesSold": "None", "operatingIncome": "-25051", "sellingGeneralAndAdministrative": "24361", "researchAndDevelopment": "None", "operatingExpenses": "25051", "investmentIncomeNet": "None", "netInterestIncome": "None", "interestIncome": "None", "interestExpense": "94", "nonInterestIncome": "None", "otherNonOperatingIncome": "None", "depreciation": "None", "depreciationAndAmortization": "145", "incomeBeforeTax": "None", "incomeTaxExpense": "-7033", "interestAndDebtExpense": "None", "netIncomeFromContinuingOperations": "None", "comprehensiveIncomeNetOfTax": "None", "ebit": "-24957", "ebitda": "-24812", "netIncome": "-17924"}, {"fiscalDateEnding": "2009-06-30", "reportedCurrency": "CAD", "grossProfit": "40834", "totalRevenue": "40834", "costOfRevenue": "None", "costofGoodsAndServicesSold": "None", "operatingIncome": "16109", "sellingGeneralAndAdministrative": "24516", "researchAndDevelopment": "None", "operatingExpenses": "40834", "investmentIncomeNet": "None", "netInterestIncome": "None", "interestIncome": "None", "interestExpense": "71", "nonInterestIncome": "None", "otherNonOperatingIncome": "None", "depreciation": "None", "depreciationAndAmortization": "209", "incomeBeforeTax": "None", "incomeTaxExpense": "71", "interestAndDebtExpense": "None", "netIncomeFromContinuingOperations": "None", "comprehensiveIncomeNetOfTax": "None", "ebit": "-17525", "ebitda": "-17316", "netIncome": "-17596"}, {"fiscalDateEnding": "2009-03-31", "reportedCurrency": "CAD", "grossProfit": "40834", "totalRevenue": "40834", "costOfRevenue": "None", "costofGoodsAndServicesSold": "None", "operatingIncome": "-36775", "sellingGeneralAndAdministrative": "15272", "researchAndDevelopment": "None", "operatingExpenses": "36775", "investmentIncomeNet": "None", "netInterestIncome": "None", "interestIncome": "None", "interestExpense": "79", "nonInterestIncome": "None", "otherNonOperatingIncome": "None", "depreciation": "None", "depreciationAndAmortization": "208", "incomeBeforeTax": "-29649", "incomeTaxExpense": "7205", "interestAndDebtExpense": "None", "netIncomeFromContinuingOperations": "None", "comprehensiveIncomeNetOfTax": "None", "ebit": "-29570", "ebitda": "-29362", "netIncome": "-29649"}, {"fiscalDateEnding": "2008-12-31", "reportedCurrency": "CAD", "grossProfit": "None", "totalRevenue": "None", "costOfRevenue": "None", "costofGoodsAndServicesSold": "None", "operatingIncome": "-32477", "sellingGeneralAndAdministrative": "25522", "researchAndDevelopment": "None", "operatingExpenses": "32477", "investmentIncomeNet": "None", "netInterestIncome": "None", "interestIncome": "None", "interestExpense": "75", "nonInterestIncome": "None", "otherNonOperatingIncome": "None", "depreciation": "None", "depreciationAndAmortization": "209", "incomeBeforeTax": "-29649", "incomeTaxExpense": "-10083", "interestAndDebtExpense": "None", "netIncomeFromContinuingOperations": "None", "comprehensiveIncomeNetOfTax": "None", "ebit": "-32402", "ebitda": "-32193", "netIncome": "-22319"}, {"fiscalDateEnding": "2008-09-30", "reportedCurrency": "CAD", "grossProfit": "None", "totalRevenue": "None", "costOfRevenue": "None", "costofGoodsAndServicesSold": "None", "operatingIncome": "-92360", "sellingGeneralAndAdministrative": "28598", "researchAndDevelopment": "None", "operatingExpenses": "92360", "investmentIncomeNet": "None", "netInterestIncome": "None", "interestIncome": "None", "interestExpense": "75", "nonInterestIncome": "None", "otherNonOperatingIncome": "None", "depreciation": "None", "depreciationAndAmortization": "208", "incomeBeforeTax": "None", "incomeTaxExpense": "-16265", "interestAndDebtExpense": "None", "netIncomeFromContinuingOperations": "None", "comprehensiveIncomeNetOfTax": "None", "ebit": "-92360", "ebitda": "-92152", "netIncome": "-76095"}, {"fiscalDateEnding": "2008-06-30", "reportedCurrency": "CAD", "grossProfit": "None", "totalRevenue": "None", "costOfRevenue": "None", "costofGoodsAndServicesSold": "None", "operatingIncome": "-40398", "sellingGeneralAndAdministrative": "None", "researchAndDevelopment": "None", "operatingExpenses": "40398", "investmentIncomeNet": "None", "netInterestIncome": "None", "interestIncome": "None", "interestExpense": "None", "nonInterestIncome": "None", "otherNonOperatingIncome": "None", "depreciation": "None", "depreciationAndAmortization": "163", "incomeBeforeTax": "None", "incomeTaxExpense": "-17938", "interestAndDebtExpense": "None", "netIncomeFromContinuingOperations": "None", "comprehensiveIncomeNetOfTax": "None", "ebit": "-40398", "ebitda": "-40235", "netIncome": "-22460"}, {"fiscalDateEnding": "2008-03-31", "reportedCurrency": "CAD", "grossProfit": "None", "totalRevenue": "None", "costOfRevenue": "None", "costofGoodsAndServicesSold": "None", "operatingIncome": "-22319", "sellingGeneralAndAdministrative": "22100", "researchAndDevelopment": "None", "operatingExpenses": "22319", "investmentIncomeNet": "None", "netInterestIncome": "None", "interestIncome": "None", "interestExpense": "56", "nonInterestIncome": "None", "otherNonOperatingIncome": "None", "depreciation": "None", "depreciationAndAmortization": "164", "incomeBeforeTax": "-4675", "incomeTaxExpense": "-17588", "interestAndDebtExpense": "None", "netIncomeFromContinuingOperations": "None", "comprehensiveIncomeNetOfTax": "None", "ebit": "-4619", "ebitda": "-4455", "netIncome": "-4675"}, {"fiscalDateEnding": "2007-12-31", "reportedCurrency": "CAD", "grossProfit": "None", "totalRevenue": "None", "costOfRevenue": "None", "costofGoodsAndServicesSold": "None", "operatingIncome": "-164960", "sellingGeneralAndAdministrative": "None", "researchAndDevelopment": "None", "operatingExpenses": "164960", "investmentIncomeNet": "None", "netInterestIncome": "None", "interestIncome": "None", "interestExpense": "None", "nonInterestIncome": "None", "otherNonOperatingIncome": "None", "depreciation": "None", "depreciationAndAmortization": "163", "incomeBeforeTax": "None", "incomeTaxExpense": "-14605", "interestAndDebtExpense": "None", "netIncomeFromContinuingOperations": "None", "comprehensiveIncomeNetOfTax": "None", "ebit": "-164960", "ebitda": "-164797", "netIncome": "-150355"}, {"fiscalDateEnding": "2007-09-30", "reportedCurrency": "CAD", "grossProfit": "None", "totalRevenue": "None", "costOfRevenue": "None", "costofGoodsAndServicesSold": "None", "operatingIncome": "-1425", "sellingGeneralAndAdministrative": "None", "researchAndDevelopment": "None", "operatingExpenses": "1425", "investmentIncomeNet": "None", "netInterestIncome": "None", "interestIncome": "None", "interestExpense": "None", "nonInterestIncome": "None", "otherNonOperatingIncome": "None", "depreciation": "None", "depreciationAndAmortization": "163", "incomeBeforeTax": "None", "incomeTaxExpense": "-204", "interestAndDebtExpense": "None", "netIncomeFromContinuingOperations": "None", "comprehensiveIncomeNetOfTax": "None", "ebit": "-164960", "ebitda": "-1425", "netIncome": "204"}, {"fiscalDateEnding": "2007-06-30", "reportedCurrency": "CAD", "grossProfit": "None", "totalRevenue": "None", "costOfRevenue": "None", "costofGoodsAndServicesSold": "None", "operatingIncome": "-1425", "sellingGeneralAndAdministrative": "None", "researchAndDevelopment": "None", "operatingExpenses": "1425", "investmentIncomeNet": "None", "netInterestIncome": "None", "interestIncome": "None", "interestExpense": "None", "nonInterestIncome": "None", "otherNonOperatingIncome": "None", "depreciation": "None", "depreciationAndAmortization": "None", "incomeBeforeTax": "None", "incomeTaxExpense": "-204", "interestAndDebtExpense": "None", "netIncomeFromContinuingOperations": "None", "comprehensiveIncomeNetOfTax": "None", "ebit": "None", "ebitda": "-1425", "netIncome": "204"}]}