{"symbol": "APLS", "annualReports": [{"fiscalDateEnding": "2024-12-31", "reportedCurrency": "USD", "grossProfit": "663644000", "totalRevenue": "781367000", "costOfRevenue": "117723000", "costofGoodsAndServicesSold": "117723000", "operatingIncome": "-164979000", "sellingGeneralAndAdministrative": "417753000", "researchAndDevelopment": "327570000", "operatingExpenses": "828623000", "investmentIncomeNet": "None", "netInterestIncome": "-27618000", "interestIncome": "12773000", "interestExpense": "40391000", "nonInterestIncome": "None", "otherNonOperatingIncome": "None", "depreciation": "None", "depreciationAndAmortization": "1797000", "incomeBeforeTax": "-196716000", "incomeTaxExpense": "1162000", "interestAndDebtExpense": "None", "netIncomeFromContinuingOperations": "-197878000", "comprehensiveIncomeNetOfTax": "None", "ebit": "-156325000", "ebitda": "-154528000", "netIncome": "-197878000"}, {"fiscalDateEnding": "2023-12-31", "reportedCurrency": "USD", "grossProfit": "338081000", "totalRevenue": "396591000", "costOfRevenue": "58510000", "costofGoodsAndServicesSold": "58510000", "operatingIncome": "-517121000", "sellingGeneralAndAdministrative": "500815000", "researchAndDevelopment": "354387000", "operatingExpenses": "855202000", "investmentIncomeNet": "None", "netInterestIncome": "-8648000", "interestIncome": "20933000", "interestExpense": "29581000", "nonInterestIncome": "None", "otherNonOperatingIncome": "None", "depreciation": "None", "depreciationAndAmortization": "1704000", "incomeBeforeTax": "-526496000", "incomeTaxExpense": "2132000", "interestAndDebtExpense": "None", "netIncomeFromContinuingOperations": "-528628000", "comprehensiveIncomeNetOfTax": "None", "ebit": "-496915000", "ebitda": "-495211000", "netIncome": "-528628000"}, {"fiscalDateEnding": "2022-12-31", "reportedCurrency": "USD", "grossProfit": "69786000", "totalRevenue": "75422000", "costOfRevenue": "5636000", "costofGoodsAndServicesSold": "5636000", "operatingIncome": "-594613000", "sellingGeneralAndAdministrative": "277163000", "researchAndDevelopment": "387236000", "operatingExpenses": "664399000", "investmentIncomeNet": "None", "netInterestIncome": "-23712000", "interestIncome": "8914000", "interestExpense": "32626000", "nonInterestIncome": "None", "otherNonOperatingIncome": "None", "depreciation": "None", "depreciationAndAmortization": "1487000", "incomeBeforeTax": "-651503000", "incomeTaxExpense": "669000", "interestAndDebtExpense": "None", "netIncomeFromContinuingOperations": "-652172000", "comprehensiveIncomeNetOfTax": "None", "ebit": "-618877000", "ebitda": "-617390000", "netIncome": "-652172000"}, {"fiscalDateEnding": "2021-12-31", "reportedCurrency": "USD", "grossProfit": "61363000", "totalRevenue": "66563000", "costOfRevenue": "5200000", "costofGoodsAndServicesSold": "5200000", "operatingIncome": "-536277000", "sellingGeneralAndAdministrative": "176771000", "researchAndDevelopment": "420869000", "operatingExpenses": "597640000", "investmentIncomeNet": "None", "netInterestIncome": "-12823000", "interestIncome": "418000", "interestExpense": "13241000", "nonInterestIncome": "None", "otherNonOperatingIncome": "None", "depreciation": "None", "depreciationAndAmortization": "1492000", "incomeBeforeTax": "-746002000", "incomeTaxExpense": "352000", "interestAndDebtExpense": "None", "netIncomeFromContinuingOperations": "-746354000", "comprehensiveIncomeNetOfTax": "None", "ebit": "-732761000", "ebitda": "-731269000", "netIncome": "-746354000"}, {"fiscalDateEnding": "2020-12-31", "reportedCurrency": "USD", "grossProfit": "225596000", "totalRevenue": "250646000", "costOfRevenue": "25050000", "costofGoodsAndServicesSold": "25050000", "operatingIncome": "-213726000", "sellingGeneralAndAdministrative": "139401000", "researchAndDevelopment": "299921000", "operatingExpenses": "439322000", "investmentIncomeNet": "None", "netInterestIncome": "-25773000", "interestIncome": "4164000", "interestExpense": "29937000", "nonInterestIncome": "None", "otherNonOperatingIncome": "None", "depreciation": "None", "depreciationAndAmortization": "859000", "incomeBeforeTax": "-343029000", "incomeTaxExpense": "1845000", "interestAndDebtExpense": "None", "netIncomeFromContinuingOperations": "-344874000", "comprehensiveIncomeNetOfTax": "None", "ebit": "-313092000", "ebitda": "-312233000", "netIncome": "-344874000"}, {"fiscalDateEnding": "2019-12-31", "reportedCurrency": "USD", "grossProfit": "-595449", "totalRevenue": "0", "costOfRevenue": "595449", "costofGoodsAndServicesSold": "595449", "operatingIncome": "-288015253", "sellingGeneralAndAdministrative": "67046000", "researchAndDevelopment": "220968770", "operatingExpenses": "287419804", "investmentIncomeNet": "None", "netInterestIncome": "-175831", "interestIncome": "5108779", "interestExpense": "5285000", "nonInterestIncome": "None", "otherNonOperatingIncome": "None", "depreciation": "None", "depreciationAndAmortization": "595449", "incomeBeforeTax": "-304706613", "incomeTaxExpense": "5109000", "interestAndDebtExpense": "None", "netIncomeFromContinuingOperations": "-304706613", "comprehensiveIncomeNetOfTax": "None", "ebit": "-299421999", "ebitda": "-298826550", "netIncome": "-304706613"}, {"fiscalDateEnding": "2018-12-31", "reportedCurrency": "USD", "grossProfit": "-127925000", "totalRevenue": "0", "costOfRevenue": "127925000", "costofGoodsAndServicesSold": "127925000", "operatingIncome": "-127925000", "sellingGeneralAndAdministrative": "22639000", "researchAndDevelopment": "105286000", "operatingExpenses": "127925000", "investmentIncomeNet": "None", "netInterestIncome": "447815", "interestIncome": "2960771", "interestExpense": "2513000", "nonInterestIncome": "None", "otherNonOperatingIncome": "None", "depreciation": "None", "depreciationAndAmortization": "127925000", "incomeBeforeTax": "-127502000", "incomeTaxExpense": "-533000", "interestAndDebtExpense": "None", "netIncomeFromContinuingOperations": "-127502194", "comprehensiveIncomeNetOfTax": "None", "ebit": "-128010269", "ebitda": "-125074747", "netIncome": "-127502000"}, {"fiscalDateEnding": "2017-12-31", "reportedCurrency": "USD", "grossProfit": "-50767000", "totalRevenue": "0", "costOfRevenue": "50767029", "costofGoodsAndServicesSold": "50767029", "operatingIncome": "-50767000", "sellingGeneralAndAdministrative": "10463000", "researchAndDevelopment": "40304000", "operatingExpenses": "50767000", "investmentIncomeNet": "None", "netInterestIncome": "-96915", "interestIncome": "250610", "interestExpense": "96915", "nonInterestIncome": "None", "otherNonOperatingIncome": "None", "depreciation": "None", "depreciationAndAmortization": "11935", "incomeBeforeTax": "-51006000", "incomeTaxExpense": "250607", "interestAndDebtExpense": "None", "netIncomeFromContinuingOperations": "-51006094", "comprehensiveIncomeNetOfTax": "None", "ebit": "-50908935", "ebitda": "-50897000", "netIncome": "-51006000"}, {"fiscalDateEnding": "2016-12-31", "reportedCurrency": "USD", "grossProfit": "0", "totalRevenue": "0", "costOfRevenue": "0", "costofGoodsAndServicesSold": "0", "operatingIncome": "-27282342", "sellingGeneralAndAdministrative": "4303743", "researchAndDevelopment": "22978599", "operatingExpenses": "27282342", "investmentIncomeNet": "None", "netInterestIncome": "None", "interestIncome": "None", "interestExpense": "0", "nonInterestIncome": "None", "otherNonOperatingIncome": "None", "depreciation": "None", "depreciationAndAmortization": "27282342", "incomeBeforeTax": "-27124637", "incomeTaxExpense": "-27282342", "interestAndDebtExpense": "None", "netIncomeFromContinuingOperations": "-27124637", "comprehensiveIncomeNetOfTax": "None", "ebit": "-27282342", "ebitda": "-27282342", "netIncome": "-27124637"}, {"fiscalDateEnding": "2015-12-31", "reportedCurrency": "USD", "grossProfit": "0", "totalRevenue": "0", "costOfRevenue": "0", "costofGoodsAndServicesSold": "0", "operatingIncome": "-46573000", "sellingGeneralAndAdministrative": "6357000", "researchAndDevelopment": "13730000", "operatingExpenses": "20087000", "investmentIncomeNet": "None", "netInterestIncome": "None", "interestIncome": "None", "interestExpense": "0", "nonInterestIncome": "None", "otherNonOperatingIncome": "None", "depreciation": "None", "depreciationAndAmortization": "52972000", "incomeBeforeTax": "-46516000", "incomeTaxExpense": "-26537000", "interestAndDebtExpense": "None", "netIncomeFromContinuingOperations": "-46515956", "comprehensiveIncomeNetOfTax": "None", "ebit": "-46573000", "ebitda": "6399000", "netIncome": "-46516000"}, {"fiscalDateEnding": "2014-12-31", "reportedCurrency": "USD", "grossProfit": "0", "totalRevenue": "0", "costOfRevenue": "0", "costofGoodsAndServicesSold": "0", "operatingIncome": "-11294000", "sellingGeneralAndAdministrative": "2908000", "researchAndDevelopment": "8380000", "operatingExpenses": "11294000", "investmentIncomeNet": "None", "netInterestIncome": "None", "interestIncome": "None", "interestExpense": "0", "nonInterestIncome": "None", "otherNonOperatingIncome": "None", "depreciation": "None", "depreciationAndAmortization": "6594", "incomeBeforeTax": "-11232000", "incomeTaxExpense": "-443000", "interestAndDebtExpense": "None", "netIncomeFromContinuingOperations": "-10788483", "comprehensiveIncomeNetOfTax": "None", "ebit": "-11294594", "ebitda": "-11288000", "netIncome": "-10788000"}, {"fiscalDateEnding": "2013-12-31", "reportedCurrency": "USD", "grossProfit": "None", "totalRevenue": "None", "costOfRevenue": "None", "costofGoodsAndServicesSold": "None", "operatingIncome": "-4030000", "sellingGeneralAndAdministrative": "1706000", "researchAndDevelopment": "2317000", "operatingExpenses": "4030000", "investmentIncomeNet": "None", "netInterestIncome": "None", "interestIncome": "None", "interestExpense": "0", "nonInterestIncome": "None", "otherNonOperatingIncome": "None", "depreciation": "None", "depreciationAndAmortization": "6265", "incomeBeforeTax": "-3962000", "incomeTaxExpense": "None", "interestAndDebtExpense": "None", "netIncomeFromContinuingOperations": "None", "comprehensiveIncomeNetOfTax": "None", "ebit": "-4029265", "ebitda": "-4023000", "netIncome": "-3962000"}], "quarterlyReports": [{"fiscalDateEnding": "2025-09-30", "reportedCurrency": "USD", "grossProfit": "434047000", "totalRevenue": "458578000", "costOfRevenue": "24531000", "costofGoodsAndServicesSold": "24531000", "operatingIncome": "223183000", "sellingGeneralAndAdministrative": "142678000", "researchAndDevelopment": "68186000", "operatingExpenses": "210864000", "investmentIncomeNet": "None", "netInterestIncome": "-6903000", "interestIncome": "4376000", "interestExpense": "11279000", "nonInterestIncome": "None", "otherNonOperatingIncome": "None", "depreciation": "None", "depreciationAndAmortization": "339000", "incomeBeforeTax": "216317000", "incomeTaxExpense": "602000", "interestAndDebtExpense": "None", "netIncomeFromContinuingOperations": "215715000", "comprehensiveIncomeNetOfTax": "None", "ebit": "227596000", "ebitda": "227935000", "netIncome": "215715000"}, {"fiscalDateEnding": "2025-06-30", "reportedCurrency": "USD", "grossProfit": "164422000", "totalRevenue": "178494000", "costOfRevenue": "14072000", "costofGoodsAndServicesSold": "14072000", "operatingIncome": "-33286000", "sellingGeneralAndAdministrative": "131139000", "researchAndDevelopment": "67015000", "operatingExpenses": "197708000", "investmentIncomeNet": "None", "netInterestIncome": "-8545000", "interestIncome": "2607000", "interestExpense": "11152000", "nonInterestIncome": "None", "otherNonOperatingIncome": "None", "depreciation": "None", "depreciationAndAmortization": "446000", "incomeBeforeTax": "-41685000", "incomeTaxExpense": "466000", "interestAndDebtExpense": "None", "netIncomeFromContinuingOperations": "-42151000", "comprehensiveIncomeNetOfTax": "None", "ebit": "-30533000", "ebitda": "-30087000", "netIncome": "-42151000"}, {"fiscalDateEnding": "2025-03-31", "reportedCurrency": "USD", "grossProfit": "132437000", "totalRevenue": "166797000", "costOfRevenue": "34360000", "costofGoodsAndServicesSold": "34360000", "operatingIncome": "-83328000", "sellingGeneralAndAdministrative": "129345000", "researchAndDevelopment": "86420000", "operatingExpenses": "215765000", "investmentIncomeNet": "None", "netInterestIncome": "-8391000", "interestIncome": "2658000", "interestExpense": "11049000", "nonInterestIncome": "None", "otherNonOperatingIncome": "None", "depreciation": "None", "depreciationAndAmortization": "446000", "incomeBeforeTax": "-91884000", "incomeTaxExpense": "341000", "interestAndDebtExpense": "None", "netIncomeFromContinuingOperations": "-92225000", "comprehensiveIncomeNetOfTax": "None", "ebit": "-80835000", "ebitda": "-80389000", "netIncome": "-92225000"}, {"fiscalDateEnding": "2024-12-31", "reportedCurrency": "USD", "grossProfit": "171672000", "totalRevenue": "212528000", "costOfRevenue": "40856000", "costofGoodsAndServicesSold": "40856000", "operatingIncome": "-26164000", "sellingGeneralAndAdministrative": "38182000", "researchAndDevelopment": "76354000", "operatingExpenses": "197836000", "investmentIncomeNet": "None", "netInterestIncome": "-8138000", "interestIncome": "3396000", "interestExpense": "11534000", "nonInterestIncome": "None", "otherNonOperatingIncome": "None", "depreciation": "None", "depreciationAndAmortization": "447000", "incomeBeforeTax": "-36067000", "incomeTaxExpense": "286000", "interestAndDebtExpense": "None", "netIncomeFromContinuingOperations": "-36353000", "comprehensiveIncomeNetOfTax": "None", "ebit": "-24533000", "ebitda": "-24086000", "netIncome": "-36353000"}, {"fiscalDateEnding": "2024-09-30", "reportedCurrency": "USD", "grossProfit": "163273000", "totalRevenue": "196830000", "costOfRevenue": "33557000", "costofGoodsAndServicesSold": "33557000", "operatingIncome": "-47280000", "sellingGeneralAndAdministrative": "121984000", "researchAndDevelopment": "88569000", "operatingExpenses": "210553000", "investmentIncomeNet": "None", "netInterestIncome": "-9643000", "interestIncome": "2889000", "interestExpense": "12532000", "nonInterestIncome": "None", "otherNonOperatingIncome": "None", "depreciation": "None", "depreciationAndAmortization": "457000", "incomeBeforeTax": "-56853000", "incomeTaxExpense": "592000", "interestAndDebtExpense": "None", "netIncomeFromContinuingOperations": "-57445000", "comprehensiveIncomeNetOfTax": "None", "ebit": "-44321000", "ebitda": "-43864000", "netIncome": "-57445000"}, {"fiscalDateEnding": "2024-06-30", "reportedCurrency": "USD", "grossProfit": "176136000", "totalRevenue": "199685000", "costOfRevenue": "23549000", "costofGoodsAndServicesSold": "23549000", "operatingIncome": "-29443000", "sellingGeneralAndAdministrative": "128081000", "researchAndDevelopment": "77947000", "operatingExpenses": "205579000", "investmentIncomeNet": "None", "netInterestIncome": "-6175000", "interestIncome": "3184000", "interestExpense": "9359000", "nonInterestIncome": "None", "otherNonOperatingIncome": "None", "depreciation": "None", "depreciationAndAmortization": "449000", "incomeBeforeTax": "-37543000", "incomeTaxExpense": "114000", "interestAndDebtExpense": "None", "netIncomeFromContinuingOperations": "-37657000", "comprehensiveIncomeNetOfTax": "None", "ebit": "-28184000", "ebitda": "-27735000", "netIncome": "-37657000"}, {"fiscalDateEnding": "2024-03-31", "reportedCurrency": "USD", "grossProfit": "151672000", "totalRevenue": "172325000", "costOfRevenue": "20653000", "costofGoodsAndServicesSold": "20653000", "operatingIncome": "-62090000", "sellingGeneralAndAdministrative": "129505000", "researchAndDevelopment": "84701000", "operatingExpenses": "213762000", "investmentIncomeNet": "None", "netInterestIncome": "-3664000", "interestIncome": "3303000", "interestExpense": "6967000", "nonInterestIncome": "None", "otherNonOperatingIncome": "None", "depreciation": "None", "depreciationAndAmortization": "444000", "incomeBeforeTax": "-66253000", "incomeTaxExpense": "170000", "interestAndDebtExpense": "None", "netIncomeFromContinuingOperations": "-66423000", "comprehensiveIncomeNetOfTax": "None", "ebit": "-59286000", "ebitda": "-58842000", "netIncome": "-66423000"}, {"fiscalDateEnding": "2023-12-31", "reportedCurrency": "USD", "grossProfit": "126465000", "totalRevenue": "146377000", "costOfRevenue": "19912000", "costofGoodsAndServicesSold": "19912000", "operatingIncome": "-84518000", "sellingGeneralAndAdministrative": "141701000", "researchAndDevelopment": "69282000", "operatingExpenses": "210983000", "investmentIncomeNet": "None", "netInterestIncome": "-2854000", "interestIncome": "4548000", "interestExpense": "7402000", "nonInterestIncome": "None", "otherNonOperatingIncome": "None", "depreciation": "None", "depreciationAndAmortization": "490000", "incomeBeforeTax": "-87153000", "incomeTaxExpense": "1423000", "interestAndDebtExpense": "None", "netIncomeFromContinuingOperations": "-88576000", "comprehensiveIncomeNetOfTax": "None", "ebit": "-79751000", "ebitda": "-79261000", "netIncome": "-88576000"}, {"fiscalDateEnding": "2023-09-30", "reportedCurrency": "USD", "grossProfit": "87989000", "totalRevenue": "110399000", "costOfRevenue": "22410000", "costofGoodsAndServicesSold": "22410000", "operatingIncome": "-137080000", "sellingGeneralAndAdministrative": "145648000", "researchAndDevelopment": "79421000", "operatingExpenses": "225069000", "investmentIncomeNet": "None", "netInterestIncome": "-2321000", "interestIncome": "4989000", "interestExpense": "7310000", "nonInterestIncome": "None", "otherNonOperatingIncome": "None", "depreciation": "None", "depreciationAndAmortization": "405000", "incomeBeforeTax": "-140004000", "incomeTaxExpense": "233000", "interestAndDebtExpense": "None", "netIncomeFromContinuingOperations": "-140237000", "comprehensiveIncomeNetOfTax": "None", "ebit": "-132694000", "ebitda": "-132289000", "netIncome": "-140237000"}, {"fiscalDateEnding": "2023-06-30", "reportedCurrency": "USD", "grossProfit": "86590000", "totalRevenue": "94969000", "costOfRevenue": "8379000", "costofGoodsAndServicesSold": "8379000", "operatingIncome": "-120441000", "sellingGeneralAndAdministrative": "111373000", "researchAndDevelopment": "95658000", "operatingExpenses": "207031000", "investmentIncomeNet": "None", "netInterestIncome": "-1339000", "interestIncome": "6002000", "interestExpense": "7341000", "nonInterestIncome": "None", "otherNonOperatingIncome": "None", "depreciation": "None", "depreciationAndAmortization": "410000", "incomeBeforeTax": "-121843000", "incomeTaxExpense": "194000", "interestAndDebtExpense": "None", "netIncomeFromContinuingOperations": "-122037000", "comprehensiveIncomeNetOfTax": "None", "ebit": "-114502000", "ebitda": "-114092000", "netIncome": "-122037000"}, {"fiscalDateEnding": "2023-03-31", "reportedCurrency": "USD", "grossProfit": "37037000", "totalRevenue": "44846000", "costOfRevenue": "7809000", "costofGoodsAndServicesSold": "7809000", "operatingIncome": "-175083000", "sellingGeneralAndAdministrative": "102093000", "researchAndDevelopment": "110027000", "operatingExpenses": "212120000", "investmentIncomeNet": "None", "netInterestIncome": "-2136000", "interestIncome": "5393000", "interestExpense": "7529000", "nonInterestIncome": "None", "otherNonOperatingIncome": "None", "depreciation": "None", "depreciationAndAmortization": "399000", "incomeBeforeTax": "-177496000", "incomeTaxExpense": "282000", "interestAndDebtExpense": "None", "netIncomeFromContinuingOperations": "-177778000", "comprehensiveIncomeNetOfTax": "None", "ebit": "-169967000", "ebitda": "-169568000", "netIncome": "-177778000"}, {"fiscalDateEnding": "2022-12-31", "reportedCurrency": "USD", "grossProfit": "19738000", "totalRevenue": "22663000", "costOfRevenue": "2925000", "costofGoodsAndServicesSold": "2925000", "operatingIncome": "-164053000", "sellingGeneralAndAdministrative": "84368000", "researchAndDevelopment": "99423000", "operatingExpenses": "183791000", "investmentIncomeNet": "None", "netInterestIncome": "-3163000", "interestIncome": "4575000", "interestExpense": "7738000", "nonInterestIncome": "None", "otherNonOperatingIncome": "None", "depreciation": "None", "depreciationAndAmortization": "428000", "incomeBeforeTax": "-167462000", "incomeTaxExpense": "-1471000", "interestAndDebtExpense": "None", "netIncomeFromContinuingOperations": "-165991000", "comprehensiveIncomeNetOfTax": "None", "ebit": "-159724000", "ebitda": "-159296000", "netIncome": "-165991000"}, {"fiscalDateEnding": "2022-09-30", "reportedCurrency": "USD", "grossProfit": "20675000", "totalRevenue": "22056000", "costOfRevenue": "1381000", "costofGoodsAndServicesSold": "1381000", "operatingIncome": "-152938000", "sellingGeneralAndAdministrative": "78406000", "researchAndDevelopment": "95207000", "operatingExpenses": "173613000", "investmentIncomeNet": "None", "netInterestIncome": "-5094000", "interestIncome": "2809000", "interestExpense": "7903000", "nonInterestIncome": "None", "otherNonOperatingIncome": "None", "depreciation": "None", "depreciationAndAmortization": "357000", "incomeBeforeTax": "-190823000", "incomeTaxExpense": "446000", "interestAndDebtExpense": "None", "netIncomeFromContinuingOperations": "-191269000", "comprehensiveIncomeNetOfTax": "None", "ebit": "-182920000", "ebitda": "-182563000", "netIncome": "-191269000"}, {"fiscalDateEnding": "2022-06-30", "reportedCurrency": "USD", "grossProfit": "16240000", "totalRevenue": "16322000", "costOfRevenue": "82000", "costofGoodsAndServicesSold": "82000", "operatingIncome": "-148624000", "sellingGeneralAndAdministrative": "63203000", "researchAndDevelopment": "101661000", "operatingExpenses": "164864000", "investmentIncomeNet": "None", "netInterestIncome": "-7016000", "interestIncome": "1432000", "interestExpense": "8448000", "nonInterestIncome": "None", "otherNonOperatingIncome": "None", "depreciation": "None", "depreciationAndAmortization": "342000", "incomeBeforeTax": "-155491000", "incomeTaxExpense": "486000", "interestAndDebtExpense": "None", "netIncomeFromContinuingOperations": "-155977000", "comprehensiveIncomeNetOfTax": "None", "ebit": "-147043000", "ebitda": "-146701000", "netIncome": "-155977000"}, {"fiscalDateEnding": "2022-03-31", "reportedCurrency": "USD", "grossProfit": "13134000", "totalRevenue": "14381000", "costOfRevenue": "1247000", "costofGoodsAndServicesSold": "1247000", "operatingIncome": "-128998000", "sellingGeneralAndAdministrative": "51187000", "researchAndDevelopment": "90945000", "operatingExpenses": "142132000", "investmentIncomeNet": "None", "netInterestIncome": "-8440000", "interestIncome": "98000", "interestExpense": "8538000", "nonInterestIncome": "None", "otherNonOperatingIncome": "None", "depreciation": "None", "depreciationAndAmortization": "360000", "incomeBeforeTax": "-137727000", "incomeTaxExpense": "1208000", "interestAndDebtExpense": "None", "netIncomeFromContinuingOperations": "-138935000", "comprehensiveIncomeNetOfTax": "None", "ebit": "-129189000", "ebitda": "-128829000", "netIncome": "-138935000"}, {"fiscalDateEnding": "2021-12-31", "reportedCurrency": "USD", "grossProfit": "59869000", "totalRevenue": "60290000", "costOfRevenue": "421000", "costofGoodsAndServicesSold": "421000", "operatingIncome": "-89397000", "sellingGeneralAndAdministrative": "41462000", "researchAndDevelopment": "108180000", "operatingExpenses": "149266000", "investmentIncomeNet": "None", "netInterestIncome": "-2981000", "interestIncome": "37000", "interestExpense": "3018000", "nonInterestIncome": "None", "otherNonOperatingIncome": "None", "depreciation": "None", "depreciationAndAmortization": "376000", "incomeBeforeTax": "-147738000", "incomeTaxExpense": "196000", "interestAndDebtExpense": "None", "netIncomeFromContinuingOperations": "-147933000", "comprehensiveIncomeNetOfTax": "None", "ebit": "-144721000", "ebitda": "-144345000", "netIncome": "-147934000"}, {"fiscalDateEnding": "2021-09-30", "reportedCurrency": "USD", "grossProfit": "5501000", "totalRevenue": "5650000", "costOfRevenue": "149000", "costofGoodsAndServicesSold": "149000", "operatingIncome": "-127995000", "sellingGeneralAndAdministrative": "45763000", "researchAndDevelopment": "87733000", "operatingExpenses": "133496000", "investmentIncomeNet": "None", "netInterestIncome": "-2138000", "interestIncome": "144000", "interestExpense": "2282000", "nonInterestIncome": "None", "otherNonOperatingIncome": "None", "depreciation": "None", "depreciationAndAmortization": "274000", "incomeBeforeTax": "-195571000", "incomeTaxExpense": "2165000", "interestAndDebtExpense": "None", "netIncomeFromContinuingOperations": "-195571000", "comprehensiveIncomeNetOfTax": "None", "ebit": "-193289000", "ebitda": "-193015000", "netIncome": "-195571000"}, {"fiscalDateEnding": "2021-06-30", "reportedCurrency": "USD", "grossProfit": "623000", "totalRevenue": "623000", "costOfRevenue": "50000000", "costofGoodsAndServicesSold": "50000000", "operatingIncome": "-194287000", "sellingGeneralAndAdministrative": "48967000", "researchAndDevelopment": "145943000", "operatingExpenses": "194910000", "investmentIncomeNet": "None", "netInterestIncome": "-3663000", "interestIncome": "104000", "interestExpense": "3767000", "nonInterestIncome": "None", "otherNonOperatingIncome": "None", "depreciation": "None", "depreciationAndAmortization": "448000", "incomeBeforeTax": "-219191000", "incomeTaxExpense": "3706000", "interestAndDebtExpense": "None", "netIncomeFromContinuingOperations": "-219191000", "comprehensiveIncomeNetOfTax": "None", "ebit": "-215424000", "ebitda": "-214976000", "netIncome": "-219191000"}, {"fiscalDateEnding": "2021-03-31", "reportedCurrency": "USD", "grossProfit": "-394000", "totalRevenue": "0", "costOfRevenue": "394000", "costofGoodsAndServicesSold": "394000", "operatingIncome": "-124591000", "sellingGeneralAndAdministrative": "40579000", "researchAndDevelopment": "84012000", "operatingExpenses": "124197000", "investmentIncomeNet": "None", "netInterestIncome": "-4041000", "interestIncome": "134000", "interestExpense": "4175000", "nonInterestIncome": "None", "otherNonOperatingIncome": "None", "depreciation": "None", "depreciationAndAmortization": "394000", "incomeBeforeTax": "-183659000", "incomeTaxExpense": "5719000", "interestAndDebtExpense": "None", "netIncomeFromContinuingOperations": "-183659000", "comprehensiveIncomeNetOfTax": "None", "ebit": "-179484000", "ebitda": "-179090000", "netIncome": "-183659000"}, {"fiscalDateEnding": "2020-12-31", "reportedCurrency": "USD", "grossProfit": "249720000", "totalRevenue": "250000000", "costOfRevenue": "280000", "costofGoodsAndServicesSold": "280000", "operatingIncome": "130121000", "sellingGeneralAndAdministrative": "44492000", "researchAndDevelopment": "75387000", "operatingExpenses": "119599000", "investmentIncomeNet": "None", "netInterestIncome": "-9416000", "interestIncome": "194000", "interestExpense": "9610000", "nonInterestIncome": "None", "otherNonOperatingIncome": "None", "depreciation": "None", "depreciationAndAmortization": "280000", "incomeBeforeTax": "80110000", "incomeTaxExpense": "1845000", "interestAndDebtExpense": "None", "netIncomeFromContinuingOperations": "78265000", "comprehensiveIncomeNetOfTax": "None", "ebit": "89720000", "ebitda": "90000000", "netIncome": "78265000"}, {"fiscalDateEnding": "2020-09-30", "reportedCurrency": "USD", "grossProfit": "646000", "totalRevenue": "646000", "costOfRevenue": "93207000", "costofGoodsAndServicesSold": "93207000", "operatingIncome": "-129552000", "sellingGeneralAndAdministrative": "36991000", "researchAndDevelopment": "93207000", "operatingExpenses": "130198000", "investmentIncomeNet": "None", "netInterestIncome": "-8829000", "interestIncome": "670000", "interestExpense": "9499000", "nonInterestIncome": "None", "otherNonOperatingIncome": "None", "depreciation": "None", "depreciationAndAmortization": "315000", "incomeBeforeTax": "-135700000", "incomeTaxExpense": "9483000", "interestAndDebtExpense": "None", "netIncomeFromContinuingOperations": "-135700000", "comprehensiveIncomeNetOfTax": "None", "ebit": "-126201000", "ebitda": "-125886000", "netIncome": "-135700000"}, {"fiscalDateEnding": "2020-06-30", "reportedCurrency": "USD", "grossProfit": "-122000", "totalRevenue": "0", "costOfRevenue": "122000", "costofGoodsAndServicesSold": "122000", "operatingIncome": "-115508000", "sellingGeneralAndAdministrative": "28414000", "researchAndDevelopment": "87094000", "operatingExpenses": "115386000", "investmentIncomeNet": "None", "netInterestIncome": "-5884000", "interestIncome": "1025000", "interestExpense": "6909000", "nonInterestIncome": "None", "otherNonOperatingIncome": "None", "depreciation": "None", "depreciationAndAmortization": "122000", "incomeBeforeTax": "-118617000", "incomeTaxExpense": "6914000", "interestAndDebtExpense": "None", "netIncomeFromContinuingOperations": "-118617000", "comprehensiveIncomeNetOfTax": "None", "ebit": "-111708000", "ebitda": "-111586000", "netIncome": "-118617000"}, {"fiscalDateEnding": "2020-03-31", "reportedCurrency": "USD", "grossProfit": "-142000", "totalRevenue": "0", "costOfRevenue": "142000", "costofGoodsAndServicesSold": "142000", "operatingIncome": "-98786000", "sellingGeneralAndAdministrative": "29504000", "researchAndDevelopment": "69282000", "operatingExpenses": "98644000", "investmentIncomeNet": "None", "netInterestIncome": "-1644000", "interestIncome": "2275000", "interestExpense": "3919000", "nonInterestIncome": "None", "otherNonOperatingIncome": "None", "depreciation": "None", "depreciationAndAmortization": "142000", "incomeBeforeTax": "-168822000", "incomeTaxExpense": "3933000", "interestAndDebtExpense": "None", "netIncomeFromContinuingOperations": "-168822000", "comprehensiveIncomeNetOfTax": "None", "ebit": "-164903000", "ebitda": "-164761000", "netIncome": "-168822000"}, {"fiscalDateEnding": "2019-12-31", "reportedCurrency": "USD", "grossProfit": "-215858", "totalRevenue": "-142000", "costOfRevenue": "215858", "costofGoodsAndServicesSold": "215858", "operatingIncome": "-105940284", "sellingGeneralAndAdministrative": "27469000", "researchAndDevelopment": "78471428", "operatingExpenses": "105724426", "investmentIncomeNet": "None", "netInterestIncome": "-2451766", "interestIncome": "1478465", "interestExpense": "3930000", "nonInterestIncome": "None", "otherNonOperatingIncome": "None", "depreciation": "None", "depreciationAndAmortization": "215858", "incomeBeforeTax": "-113217423", "incomeTaxExpense": "3981000", "interestAndDebtExpense": "None", "netIncomeFromContinuingOperations": "-113217423", "comprehensiveIncomeNetOfTax": "None", "ebit": "-109287189", "ebitda": "-109071331", "netIncome": "-113217423"}, {"fiscalDateEnding": "2019-09-30", "reportedCurrency": "USD", "grossProfit": "-69948000", "totalRevenue": "0", "costOfRevenue": "69948000", "costofGoodsAndServicesSold": "69948000", "operatingIncome": "-69948000", "sellingGeneralAndAdministrative": "18629000", "researchAndDevelopment": "51319000", "operatingExpenses": "69948000", "investmentIncomeNet": "None", "netInterestIncome": "740434", "interestIncome": "1341811", "interestExpense": "601377", "nonInterestIncome": "None", "otherNonOperatingIncome": "None", "depreciation": "None", "depreciationAndAmortization": "143342", "incomeBeforeTax": "-69825000", "incomeTaxExpense": "540329", "interestAndDebtExpense": "None", "netIncomeFromContinuingOperations": "-69824659", "comprehensiveIncomeNetOfTax": "None", "ebit": "-69222342", "ebitda": "-69079000", "netIncome": "-69825000"}, {"fiscalDateEnding": "2019-06-30", "reportedCurrency": "USD", "grossProfit": "-63476000", "totalRevenue": "0", "costOfRevenue": "63476000", "costofGoodsAndServicesSold": "63476000", "operatingIncome": "-63476000", "sellingGeneralAndAdministrative": "12778000", "researchAndDevelopment": "50698000", "operatingExpenses": "63476000", "investmentIncomeNet": "None", "netInterestIncome": "1261988", "interestIncome": "1421485", "interestExpense": "159497", "nonInterestIncome": "None", "otherNonOperatingIncome": "None", "depreciation": "None", "depreciationAndAmortization": "123021", "incomeBeforeTax": "-71090000", "incomeTaxExpense": "387783", "interestAndDebtExpense": "None", "netIncomeFromContinuingOperations": "-71090164", "comprehensiveIncomeNetOfTax": "None", "ebit": "-70932021", "ebitda": "-70809000", "netIncome": "-71090000"}, {"fiscalDateEnding": "2019-03-31", "reportedCurrency": "USD", "grossProfit": "-48651000", "totalRevenue": "0", "costOfRevenue": "48651000", "costofGoodsAndServicesSold": "48651000", "operatingIncome": "-48651000", "sellingGeneralAndAdministrative": "8171000", "researchAndDevelopment": "40480000", "operatingExpenses": "48651000", "investmentIncomeNet": "None", "netInterestIncome": "273512", "interestIncome": "462490", "interestExpense": "593505", "nonInterestIncome": "None", "otherNonOperatingIncome": "None", "depreciation": "None", "depreciationAndAmortization": "113228", "incomeBeforeTax": "-50574000", "incomeTaxExpense": "340328", "interestAndDebtExpense": "None", "netIncomeFromContinuingOperations": "-50574367", "comprehensiveIncomeNetOfTax": "None", "ebit": "-49980228", "ebitda": "-49867000", "netIncome": "-50574000"}, {"fiscalDateEnding": "2018-12-31", "reportedCurrency": "USD", "grossProfit": "11542", "totalRevenue": "11542", "costOfRevenue": "0", "costofGoodsAndServicesSold": "0", "operatingIncome": "-37197000", "sellingGeneralAndAdministrative": "6391000", "researchAndDevelopment": "30806000", "operatingExpenses": "37197000", "investmentIncomeNet": "None", "netInterestIncome": "None", "interestIncome": "None", "interestExpense": "624365", "nonInterestIncome": "None", "otherNonOperatingIncome": "None", "depreciation": "None", "depreciationAndAmortization": "-209000", "incomeBeforeTax": "-36459000", "incomeTaxExpense": "2383000", "interestAndDebtExpense": "None", "netIncomeFromContinuingOperations": "-36459474", "comprehensiveIncomeNetOfTax": "None", "ebit": "-35626000", "ebitda": "-35835000", "netIncome": "-36459000"}, {"fiscalDateEnding": "2018-09-30", "reportedCurrency": "USD", "grossProfit": "-35805000", "totalRevenue": "0", "costOfRevenue": "35805000", "costofGoodsAndServicesSold": "35805000", "operatingIncome": "-35805000", "sellingGeneralAndAdministrative": "6265000", "researchAndDevelopment": "29539000", "operatingExpenses": "35805000", "investmentIncomeNet": "None", "netInterestIncome": "None", "interestIncome": "None", "interestExpense": "280891", "nonInterestIncome": "None", "otherNonOperatingIncome": "None", "depreciation": "None", "depreciationAndAmortization": "426191", "incomeBeforeTax": "-35972000", "incomeTaxExpense": "-281000", "interestAndDebtExpense": "None", "netIncomeFromContinuingOperations": "-35972115", "comprehensiveIncomeNetOfTax": "None", "ebit": "-35394191", "ebitda": "-34968000", "netIncome": "-35972000"}, {"fiscalDateEnding": "2018-06-30", "reportedCurrency": "USD", "grossProfit": "-33485000", "totalRevenue": "0", "costOfRevenue": "33485000", "costofGoodsAndServicesSold": "33485000", "operatingIncome": "-33485000", "sellingGeneralAndAdministrative": "5948000", "researchAndDevelopment": "27538000", "operatingExpenses": "33485000", "investmentIncomeNet": "None", "netInterestIncome": "None", "interestIncome": "None", "interestExpense": "184009", "nonInterestIncome": "None", "otherNonOperatingIncome": "None", "depreciation": "None", "depreciationAndAmortization": "33485000", "incomeBeforeTax": "-33334000", "incomeTaxExpense": "-33669000", "interestAndDebtExpense": "None", "netIncomeFromContinuingOperations": "-33334300", "comprehensiveIncomeNetOfTax": "None", "ebit": "-66216000", "ebitda": "-32731000", "netIncome": "-33334000"}, {"fiscalDateEnding": "2018-03-31", "reportedCurrency": "USD", "grossProfit": "-21438000", "totalRevenue": "0", "costOfRevenue": "21438000", "costofGoodsAndServicesSold": "21438000", "operatingIncome": "-21438000", "sellingGeneralAndAdministrative": "4035000", "researchAndDevelopment": "17403000", "operatingExpenses": "21438000", "investmentIncomeNet": "None", "netInterestIncome": "None", "interestIncome": "None", "interestExpense": "266686", "nonInterestIncome": "None", "otherNonOperatingIncome": "None", "depreciation": "None", "depreciationAndAmortization": "208624", "incomeBeforeTax": "-21736000", "incomeTaxExpense": "266686", "interestAndDebtExpense": "None", "netIncomeFromContinuingOperations": "-21736304", "comprehensiveIncomeNetOfTax": "None", "ebit": "-21277624", "ebitda": "-21069000", "netIncome": "-21736000"}, {"fiscalDateEnding": "2017-12-31", "reportedCurrency": "USD", "grossProfit": "11542", "totalRevenue": "11542", "costOfRevenue": "0", "costofGoodsAndServicesSold": "0", "operatingIncome": "-17993000", "sellingGeneralAndAdministrative": "4860000", "researchAndDevelopment": "13133000", "operatingExpenses": "17993000", "investmentIncomeNet": "None", "netInterestIncome": "None", "interestIncome": "None", "interestExpense": "96915", "nonInterestIncome": "None", "otherNonOperatingIncome": "None", "depreciation": "None", "depreciationAndAmortization": "17993000", "incomeBeforeTax": "-18256000", "incomeTaxExpense": "-17896000", "interestAndDebtExpense": "None", "netIncomeFromContinuingOperations": "-44045891", "comprehensiveIncomeNetOfTax": "None", "ebit": "-35986000", "ebitda": "-17993000", "netIncome": "-18256000"}, {"fiscalDateEnding": "2017-09-30", "reportedCurrency": "USD", "grossProfit": "-11589000", "totalRevenue": "0", "costOfRevenue": "11589000", "costofGoodsAndServicesSold": "11589000", "operatingIncome": "-11589000", "sellingGeneralAndAdministrative": "2071000", "researchAndDevelopment": "9518000", "operatingExpenses": "11589000", "investmentIncomeNet": "None", "netInterestIncome": "None", "interestIncome": "None", "interestExpense": "290745", "nonInterestIncome": "None", "otherNonOperatingIncome": "None", "depreciation": "None", "depreciationAndAmortization": "11589000", "incomeBeforeTax": "-11573000", "incomeTaxExpense": "-11589000", "interestAndDebtExpense": "None", "netIncomeFromContinuingOperations": "-23524059", "comprehensiveIncomeNetOfTax": "None", "ebit": "-23178000", "ebitda": "-11589000", "netIncome": "-11573000"}, {"fiscalDateEnding": "2017-06-30", "reportedCurrency": "USD", "grossProfit": "0", "totalRevenue": "0", "costOfRevenue": "0", "costofGoodsAndServicesSold": "0", "operatingIncome": "-12132000", "sellingGeneralAndAdministrative": "1710000", "researchAndDevelopment": "10422000", "operatingExpenses": "12132000", "investmentIncomeNet": "None", "netInterestIncome": "None", "interestIncome": "None", "interestExpense": "290745", "nonInterestIncome": "None", "otherNonOperatingIncome": "None", "depreciation": "None", "depreciationAndAmortization": "12132000", "incomeBeforeTax": "-12126000", "incomeTaxExpense": "-12138000", "interestAndDebtExpense": "None", "netIncomeFromContinuingOperations": "25614629", "comprehensiveIncomeNetOfTax": "None", "ebit": "-24264000", "ebitda": "-12132000", "netIncome": "-12126000"}, {"fiscalDateEnding": "2017-03-31", "reportedCurrency": "USD", "grossProfit": "0", "totalRevenue": "0", "costOfRevenue": "0", "costofGoodsAndServicesSold": "0", "operatingIncome": "-9052000", "sellingGeneralAndAdministrative": "1821000", "researchAndDevelopment": "7231000", "operatingExpenses": "9052000", "investmentIncomeNet": "None", "netInterestIncome": "None", "interestIncome": "None", "interestExpense": "96915", "nonInterestIncome": "None", "otherNonOperatingIncome": "None", "depreciation": "None", "depreciationAndAmortization": "9052000", "incomeBeforeTax": "-9051000", "incomeTaxExpense": "-9063000", "interestAndDebtExpense": "None", "netIncomeFromContinuingOperations": "-9050773", "comprehensiveIncomeNetOfTax": "None", "ebit": "-18104000", "ebitda": "-9052000", "netIncome": "-9051000"}, {"fiscalDateEnding": "2016-12-31", "reportedCurrency": "USD", "grossProfit": "0", "totalRevenue": "0", "costOfRevenue": "0", "costofGoodsAndServicesSold": "0", "operatingIncome": "-6679000", "sellingGeneralAndAdministrative": "1087000", "researchAndDevelopment": "5592000", "operatingExpenses": "6679000", "investmentIncomeNet": "None", "netInterestIncome": "None", "interestIncome": "None", "interestExpense": "374749", "nonInterestIncome": "None", "otherNonOperatingIncome": "None", "depreciation": "None", "depreciationAndAmortization": "6679000", "incomeBeforeTax": "-6620000", "incomeTaxExpense": "-6679000", "interestAndDebtExpense": "None", "netIncomeFromContinuingOperations": "-27124637", "comprehensiveIncomeNetOfTax": "None", "ebit": "-13358000", "ebitda": "-6679000", "netIncome": "-6620000"}, {"fiscalDateEnding": "2016-09-30", "reportedCurrency": "USD", "grossProfit": "0", "totalRevenue": "0", "costOfRevenue": "0", "costofGoodsAndServicesSold": "0", "operatingIncome": "-7234000", "sellingGeneralAndAdministrative": "1000000", "researchAndDevelopment": "6234000", "operatingExpenses": "7234000", "investmentIncomeNet": "None", "netInterestIncome": "None", "interestIncome": "None", "interestExpense": "0", "nonInterestIncome": "None", "otherNonOperatingIncome": "None", "depreciation": "None", "depreciationAndAmortization": "7234000", "incomeBeforeTax": "-7211000", "incomeTaxExpense": "-7234000", "interestAndDebtExpense": "None", "netIncomeFromContinuingOperations": "0", "comprehensiveIncomeNetOfTax": "None", "ebit": "-14468000", "ebitda": "-7234000", "netIncome": "-7211000"}, {"fiscalDateEnding": "2016-06-30", "reportedCurrency": "USD", "grossProfit": "0", "totalRevenue": "0", "costOfRevenue": "0", "costofGoodsAndServicesSold": "0", "operatingIncome": "-6685000", "sellingGeneralAndAdministrative": "1108000", "researchAndDevelopment": "5576000", "operatingExpenses": "6647000", "investmentIncomeNet": "None", "netInterestIncome": "None", "interestIncome": "None", "interestExpense": "0", "nonInterestIncome": "None", "otherNonOperatingIncome": "None", "depreciation": "None", "depreciationAndAmortization": "6685000", "incomeBeforeTax": "-6647000", "incomeTaxExpense": "37673", "interestAndDebtExpense": "None", "netIncomeFromContinuingOperations": "0", "comprehensiveIncomeNetOfTax": "None", "ebit": "-6647327", "ebitda": "37673", "netIncome": "-6647000"}, {"fiscalDateEnding": "2016-03-31", "reportedCurrency": "None", "grossProfit": "None", "totalRevenue": "None", "costOfRevenue": "None", "costofGoodsAndServicesSold": "None", "operatingIncome": "-6685000", "sellingGeneralAndAdministrative": "1108000", "researchAndDevelopment": "5576000", "operatingExpenses": "6647000", "investmentIncomeNet": "None", "netInterestIncome": "None", "interestIncome": "None", "interestExpense": "None", "nonInterestIncome": "None", "otherNonOperatingIncome": "None", "depreciation": "None", "depreciationAndAmortization": "6685000", "incomeBeforeTax": "-6647000", "incomeTaxExpense": "37674", "interestAndDebtExpense": "None", "netIncomeFromContinuingOperations": "None", "comprehensiveIncomeNetOfTax": "None", "ebit": "-6647326", "ebitda": "37674", "netIncome": "-6647000"}, {"fiscalDateEnding": "2015-12-31", "reportedCurrency": "USD", "grossProfit": "0", "totalRevenue": "0", "costOfRevenue": "0", "costofGoodsAndServicesSold": "0", "operatingIncome": "-6965000", "sellingGeneralAndAdministrative": "3043000", "researchAndDevelopment": "3928000", "operatingExpenses": "6965000", "investmentIncomeNet": "None", "netInterestIncome": "None", "interestIncome": "None", "interestExpense": "374749", "nonInterestIncome": "None", "otherNonOperatingIncome": "None", "depreciation": "None", "depreciationAndAmortization": "None", "incomeBeforeTax": "-6947000", "incomeTaxExpense": "1269000", "interestAndDebtExpense": "None", "netIncomeFromContinuingOperations": "-15326554", "comprehensiveIncomeNetOfTax": "None", "ebit": "-6946902", "ebitda": "-6965000", "netIncome": "-8216000"}, {"fiscalDateEnding": "2015-09-30", "reportedCurrency": "USD", "grossProfit": "0", "totalRevenue": "0", "costOfRevenue": "0", "costofGoodsAndServicesSold": "0", "operatingIncome": "-31646000", "sellingGeneralAndAdministrative": "1413000", "researchAndDevelopment": "3745000", "operatingExpenses": "5160000", "investmentIncomeNet": "None", "netInterestIncome": "None", "interestIncome": "None", "interestExpense": "0", "nonInterestIncome": "None", "otherNonOperatingIncome": "None", "depreciation": "None", "depreciationAndAmortization": "2154", "incomeBeforeTax": "-31632000", "incomeTaxExpense": "-442000", "interestAndDebtExpense": "None", "netIncomeFromContinuingOperations": "-31189402", "comprehensiveIncomeNetOfTax": "None", "ebit": "-5160154", "ebitda": "-5158000", "netIncome": "-31189000"}, {"fiscalDateEnding": "2015-06-30", "reportedCurrency": "None", "grossProfit": "None", "totalRevenue": "None", "costOfRevenue": "None", "costofGoodsAndServicesSold": "None", "operatingIncome": "-3981000", "sellingGeneralAndAdministrative": "950657", "researchAndDevelopment": "3028000", "operatingExpenses": "3969000", "investmentIncomeNet": "None", "netInterestIncome": "None", "interestIncome": "None", "interestExpense": "None", "nonInterestIncome": "None", "otherNonOperatingIncome": "None", "depreciation": "None", "depreciationAndAmortization": "1925", "incomeBeforeTax": "-3969000", "incomeTaxExpense": "-413243", "interestAndDebtExpense": "None", "netIncomeFromContinuingOperations": "None", "comprehensiveIncomeNetOfTax": "None", "ebit": "-3980925", "ebitda": "-3979000", "netIncome": "-3555000"}, {"fiscalDateEnding": "2015-03-31", "reportedCurrency": "None", "grossProfit": "None", "totalRevenue": "None", "costOfRevenue": "None", "costofGoodsAndServicesSold": "None", "operatingIncome": "-3981000", "sellingGeneralAndAdministrative": "950657", "researchAndDevelopment": "3028000", "operatingExpenses": "3969000", "investmentIncomeNet": "None", "netInterestIncome": "None", "interestIncome": "None", "interestExpense": "None", "nonInterestIncome": "None", "otherNonOperatingIncome": "None", "depreciation": "None", "depreciationAndAmortization": "1925", "incomeBeforeTax": "-3969000", "incomeTaxExpense": "-413243", "interestAndDebtExpense": "None", "netIncomeFromContinuingOperations": "None", "comprehensiveIncomeNetOfTax": "None", "ebit": "-3980925", "ebitda": "-3979000", "netIncome": "-3555000"}, {"fiscalDateEnding": "2014-12-31", "reportedCurrency": "USD", "grossProfit": "0", "totalRevenue": "0", "costOfRevenue": "0", "costofGoodsAndServicesSold": "0", "operatingIncome": "-2917000", "sellingGeneralAndAdministrative": "1026000", "researchAndDevelopment": "1889000", "operatingExpenses": "2917000", "investmentIncomeNet": "None", "netInterestIncome": "None", "interestIncome": "None", "interestExpense": "96915", "nonInterestIncome": "None", "otherNonOperatingIncome": "None", "depreciation": "None", "depreciationAndAmortization": "2155", "incomeBeforeTax": "-2884000", "incomeTaxExpense": "-195000", "interestAndDebtExpense": "None", "netIncomeFromContinuingOperations": "-10788483", "comprehensiveIncomeNetOfTax": "None", "ebit": "-2917155", "ebitda": "-2915000", "netIncome": "-2689000"}, {"fiscalDateEnding": "2014-09-30", "reportedCurrency": "USD", "grossProfit": "0", "totalRevenue": "0", "costOfRevenue": "0", "costofGoodsAndServicesSold": "0", "operatingIncome": "-2669000", "sellingGeneralAndAdministrative": "669737", "researchAndDevelopment": "1997000", "operatingExpenses": "2669000", "investmentIncomeNet": "None", "netInterestIncome": "None", "interestIncome": "None", "interestExpense": "0", "nonInterestIncome": "None", "otherNonOperatingIncome": "None", "depreciation": "None", "depreciationAndAmortization": "1576", "incomeBeforeTax": "-2662000", "incomeTaxExpense": "-192000", "interestAndDebtExpense": "None", "netIncomeFromContinuingOperations": "0", "comprehensiveIncomeNetOfTax": "None", "ebit": "-2668576", "ebitda": "-2667000", "netIncome": "-2470000"}, {"fiscalDateEnding": "2014-06-30", "reportedCurrency": "USD", "grossProfit": "0", "totalRevenue": "0", "costOfRevenue": "0", "costofGoodsAndServicesSold": "0", "operatingIncome": "-2855000", "sellingGeneralAndAdministrative": "606464", "researchAndDevelopment": "2247000", "operatingExpenses": "2843000", "investmentIncomeNet": "None", "netInterestIncome": "None", "interestIncome": "None", "interestExpense": "0", "nonInterestIncome": "None", "otherNonOperatingIncome": "None", "depreciation": "None", "depreciationAndAmortization": "1431", "incomeBeforeTax": "-2843000", "incomeTaxExpense": "-27822", "interestAndDebtExpense": "None", "netIncomeFromContinuingOperations": "0", "comprehensiveIncomeNetOfTax": "None", "ebit": "-2854431", "ebitda": "-2853000", "netIncome": "-2815000"}, {"fiscalDateEnding": "2014-03-31", "reportedCurrency": "None", "grossProfit": "None", "totalRevenue": "None", "costOfRevenue": "None", "costofGoodsAndServicesSold": "None", "operatingIncome": "-2855000", "sellingGeneralAndAdministrative": "606465", "researchAndDevelopment": "2247000", "operatingExpenses": "2843000", "investmentIncomeNet": "None", "netInterestIncome": "None", "interestIncome": "None", "interestExpense": "None", "nonInterestIncome": "None", "otherNonOperatingIncome": "None", "depreciation": "None", "depreciationAndAmortization": "1432", "incomeBeforeTax": "-2843000", "incomeTaxExpense": "-27823", "interestAndDebtExpense": "None", "netIncomeFromContinuingOperations": "None", "comprehensiveIncomeNetOfTax": "None", "ebit": "-2854432", "ebitda": "-2853000", "netIncome": "-2815000"}, {"fiscalDateEnding": "2013-12-31", "reportedCurrency": "USD", "grossProfit": "None", "totalRevenue": "None", "costOfRevenue": "None", "costofGoodsAndServicesSold": "None", "operatingIncome": "None", "sellingGeneralAndAdministrative": "4023000", "researchAndDevelopment": "2317000", "operatingExpenses": "None", "investmentIncomeNet": "None", "netInterestIncome": "None", "interestIncome": "None", "interestExpense": "None", "nonInterestIncome": "None", "otherNonOperatingIncome": "None", "depreciation": "None", "depreciationAndAmortization": "None", "incomeBeforeTax": "None", "incomeTaxExpense": "None", "interestAndDebtExpense": "None", "netIncomeFromContinuingOperations": "None", "comprehensiveIncomeNetOfTax": "None", "ebit": "None", "ebitda": "None", "netIncome": "None"}]}