{"symbol": "ATON", "annualReports": [{"fiscalDateEnding": "2025-03-31", "reportedCurrency": "USD", "grossProfit": "-35000", "totalRevenue": "0", "costOfRevenue": "35000", "costofGoodsAndServicesSold": "35000", "operatingIncome": "-7418000", "sellingGeneralAndAdministrative": "4254000", "researchAndDevelopment": "3129000", "operatingExpenses": "7383000", "investmentIncomeNet": "None", "netInterestIncome": "86000", "interestIncome": "89000", "interestExpense": "3000", "nonInterestIncome": "None", "otherNonOperatingIncome": "None", "depreciation": "None", "depreciationAndAmortization": "35000", "incomeBeforeTax": "-6781000", "incomeTaxExpense": "-3000", "interestAndDebtExpense": "None", "netIncomeFromContinuingOperations": "-6778000", "comprehensiveIncomeNetOfTax": "None", "ebit": "-6778000", "ebitda": "-6743000", "netIncome": "-6767000"}, {"fiscalDateEnding": "2024-03-31", "reportedCurrency": "USD", "grossProfit": "-54000", "totalRevenue": "0", "costOfRevenue": "54000", "costofGoodsAndServicesSold": "54000", "operatingIncome": "-18253000", "sellingGeneralAndAdministrative": "5664000", "researchAndDevelopment": "12535000", "operatingExpenses": "18199000", "investmentIncomeNet": "None", "netInterestIncome": "242000", "interestIncome": "274000", "interestExpense": "32000", "nonInterestIncome": "None", "otherNonOperatingIncome": "None", "depreciation": "None", "depreciationAndAmortization": "54000", "incomeBeforeTax": "-85697000", "incomeTaxExpense": "-10548000", "interestAndDebtExpense": "None", "netIncomeFromContinuingOperations": "-75382000", "comprehensiveIncomeNetOfTax": "None", "ebit": "-18253000", "ebitda": "-18199000", "netIncome": "-75339000"}, {"fiscalDateEnding": "2023-03-31", "reportedCurrency": "USD", "grossProfit": "-1000", "totalRevenue": "0", "costOfRevenue": "1000", "costofGoodsAndServicesSold": "1000", "operatingIncome": "-16576000", "sellingGeneralAndAdministrative": "8361000", "researchAndDevelopment": "8214000", "operatingExpenses": "16575000", "investmentIncomeNet": "None", "netInterestIncome": "208000", "interestIncome": "217000", "interestExpense": "9000", "nonInterestIncome": "None", "otherNonOperatingIncome": "None", "depreciation": "None", "depreciationAndAmortization": "1000", "incomeBeforeTax": "-122522000", "incomeTaxExpense": "-17856000", "interestAndDebtExpense": "None", "netIncomeFromContinuingOperations": "-104666000", "comprehensiveIncomeNetOfTax": "None", "ebit": "-122253000", "ebitda": "-122252000", "netIncome": "-104611000"}, {"fiscalDateEnding": "2022-03-31", "reportedCurrency": "USD", "grossProfit": "None", "totalRevenue": "0", "costOfRevenue": "None", "costofGoodsAndServicesSold": "None", "operatingIncome": "-15588000", "sellingGeneralAndAdministrative": "8819000", "researchAndDevelopment": "6769000", "operatingExpenses": "15588000", "investmentIncomeNet": "None", "netInterestIncome": "-43000", "interestIncome": "0", "interestExpense": "43000", "nonInterestIncome": "None", "otherNonOperatingIncome": "None", "depreciation": "None", "depreciationAndAmortization": "15588000", "incomeBeforeTax": "-14817000", "incomeTaxExpense": "4352000", "interestAndDebtExpense": "None", "netIncomeFromContinuingOperations": "-19169000", "comprehensiveIncomeNetOfTax": "None", "ebit": "-30300000", "ebitda": "-14774000", "netIncome": "-16870000"}, {"fiscalDateEnding": "2021-03-31", "reportedCurrency": "None", "grossProfit": "None", "totalRevenue": "None", "costOfRevenue": "None", "costofGoodsAndServicesSold": "None", "operatingIncome": "-12440000", "sellingGeneralAndAdministrative": "5128000", "researchAndDevelopment": "7312000", "operatingExpenses": "12440000", "investmentIncomeNet": "None", "netInterestIncome": "None", "interestIncome": "None", "interestExpense": "177000", "nonInterestIncome": "None", "otherNonOperatingIncome": "None", "depreciation": "None", "depreciationAndAmortization": "12240000", "incomeBeforeTax": "-14892000", "incomeTaxExpense": "2297000", "interestAndDebtExpense": "None", "netIncomeFromContinuingOperations": "None", "comprehensiveIncomeNetOfTax": "None", "ebit": "-26426000", "ebitda": "-14715000", "netIncome": "-15833000"}, {"fiscalDateEnding": "2020-03-31", "reportedCurrency": "None", "grossProfit": "None", "totalRevenue": "None", "costOfRevenue": "None", "costofGoodsAndServicesSold": "None", "operatingIncome": "-5978000", "sellingGeneralAndAdministrative": "1870000", "researchAndDevelopment": "4108000", "operatingExpenses": "5978000", "investmentIncomeNet": "None", "netInterestIncome": "None", "interestIncome": "None", "interestExpense": "557000", "nonInterestIncome": "None", "otherNonOperatingIncome": "None", "depreciation": "None", "depreciationAndAmortization": "2694000", "incomeBeforeTax": "-6509000", "incomeTaxExpense": "740000", "interestAndDebtExpense": "None", "netIncomeFromContinuingOperations": "None", "comprehensiveIncomeNetOfTax": "None", "ebit": "-3344000", "ebitda": "-5952000", "netIncome": "-5333000"}, {"fiscalDateEnding": "2018-03-31", "reportedCurrency": "None", "grossProfit": "None", "totalRevenue": "None", "costOfRevenue": "None", "costofGoodsAndServicesSold": "None", "operatingIncome": "-2235000", "sellingGeneralAndAdministrative": "1447000", "researchAndDevelopment": "788000", "operatingExpenses": "2235000", "investmentIncomeNet": "None", "netInterestIncome": "None", "interestIncome": "None", "interestExpense": "24000", "nonInterestIncome": "None", "otherNonOperatingIncome": "None", "depreciation": "None", "depreciationAndAmortization": "168000", "incomeBeforeTax": "123741000", "incomeTaxExpense": "None", "interestAndDebtExpense": "None", "netIncomeFromContinuingOperations": "None", "comprehensiveIncomeNetOfTax": "None", "ebit": "-2235000", "ebitda": "123765000", "netIncome": "123741000"}, {"fiscalDateEnding": "2017-03-31", "reportedCurrency": "None", "grossProfit": "None", "totalRevenue": "None", "costOfRevenue": "None", "costofGoodsAndServicesSold": "None", "operatingIncome": "-35491000", "sellingGeneralAndAdministrative": "2557000", "researchAndDevelopment": "32450000", "operatingExpenses": "35491000", "investmentIncomeNet": "None", "netInterestIncome": "None", "interestIncome": "None", "interestExpense": "552422", "nonInterestIncome": "None", "otherNonOperatingIncome": "None", "depreciation": "None", "depreciationAndAmortization": "168000", "incomeBeforeTax": "-641274", "incomeTaxExpense": "None", "interestAndDebtExpense": "None", "netIncomeFromContinuingOperations": "None", "comprehensiveIncomeNetOfTax": "None", "ebit": "-35499000", "ebitda": "-35331000", "netIncome": "16299000"}, {"fiscalDateEnding": "2016-03-31", "reportedCurrency": "None", "grossProfit": "None", "totalRevenue": "None", "costOfRevenue": "None", "costofGoodsAndServicesSold": "None", "operatingIncome": "-9188005", "sellingGeneralAndAdministrative": "4515533", "researchAndDevelopment": "4577136", "operatingExpenses": "9188005", "investmentIncomeNet": "None", "netInterestIncome": "None", "interestIncome": "None", "interestExpense": "7384", "nonInterestIncome": "None", "otherNonOperatingIncome": "None", "depreciation": "None", "depreciationAndAmortization": "9188000", "incomeBeforeTax": "-9195389", "incomeTaxExpense": "None", "interestAndDebtExpense": "None", "netIncomeFromContinuingOperations": "None", "comprehensiveIncomeNetOfTax": "None", "ebit": "-9188005", "ebitda": "-5", "netIncome": "-5706189"}, {"fiscalDateEnding": "2015-03-31", "reportedCurrency": "None", "grossProfit": "None", "totalRevenue": "None", "costOfRevenue": "None", "costofGoodsAndServicesSold": "None", "operatingIncome": "-4317058", "sellingGeneralAndAdministrative": "1296733", "researchAndDevelopment": "2928639", "operatingExpenses": "4317058", "investmentIncomeNet": "None", "netInterestIncome": "None", "interestIncome": "None", "interestExpense": "20036", "nonInterestIncome": "None", "otherNonOperatingIncome": "None", "depreciation": "None", "depreciationAndAmortization": "968", "incomeBeforeTax": "-4341216", "incomeTaxExpense": "None", "interestAndDebtExpense": "None", "netIncomeFromContinuingOperations": "None", "comprehensiveIncomeNetOfTax": "None", "ebit": "-4317968", "ebitda": "-4321180", "netIncome": "-3118431"}, {"fiscalDateEnding": "2014-03-31", "reportedCurrency": "None", "grossProfit": "-40512", "totalRevenue": "None", "costOfRevenue": "40512", "costofGoodsAndServicesSold": "40512", "operatingIncome": "-2783881", "sellingGeneralAndAdministrative": "1498054", "researchAndDevelopment": "1135779", "operatingExpenses": "2783881", "investmentIncomeNet": "None", "netInterestIncome": "None", "interestIncome": "None", "interestExpense": "3351", "nonInterestIncome": "None", "otherNonOperatingIncome": "None", "depreciation": "None", "depreciationAndAmortization": "1164", "incomeBeforeTax": "-6626630", "incomeTaxExpense": "None", "interestAndDebtExpense": "None", "netIncomeFromContinuingOperations": "None", "comprehensiveIncomeNetOfTax": "None", "ebit": "-6623279", "ebitda": "-6622115", "netIncome": "-6304947"}, {"fiscalDateEnding": "2013-03-31", "reportedCurrency": "None", "grossProfit": "180630", "totalRevenue": "98412", "costOfRevenue": "None", "costofGoodsAndServicesSold": "None", "operatingIncome": "-1357000", "sellingGeneralAndAdministrative": "1558000", "researchAndDevelopment": "32371", "operatingExpenses": "1538000", "investmentIncomeNet": "None", "netInterestIncome": "None", "interestIncome": "None", "interestExpense": "2183", "nonInterestIncome": "None", "otherNonOperatingIncome": "None", "depreciation": "None", "depreciationAndAmortization": "1769", "incomeBeforeTax": "-1469812", "incomeTaxExpense": "None", "interestAndDebtExpense": "None", "netIncomeFromContinuingOperations": "None", "comprehensiveIncomeNetOfTax": "None", "ebit": "-1469769", "ebitda": "-1468000", "netIncome": "-1470000"}, {"fiscalDateEnding": "2012-03-31", "reportedCurrency": "None", "grossProfit": "-48725", "totalRevenue": "None", "costOfRevenue": "48725", "costofGoodsAndServicesSold": "48725", "operatingIncome": "-1611617", "sellingGeneralAndAdministrative": "1568263", "researchAndDevelopment": "None", "operatingExpenses": "1687065", "investmentIncomeNet": "None", "netInterestIncome": "None", "interestIncome": "None", "interestExpense": "1753", "nonInterestIncome": "None", "otherNonOperatingIncome": "None", "depreciation": "None", "depreciationAndAmortization": "2245", "incomeBeforeTax": "-2487110", "incomeTaxExpense": "None", "interestAndDebtExpense": "None", "netIncomeFromContinuingOperations": "None", "comprehensiveIncomeNetOfTax": "None", "ebit": "-2487102", "ebitda": "-2484857", "netIncome": "-2476048"}, {"fiscalDateEnding": "2011-03-31", "reportedCurrency": "None", "grossProfit": "None", "totalRevenue": "None", "costOfRevenue": "None", "costofGoodsAndServicesSold": "None", "operatingIncome": "-3889000", "sellingGeneralAndAdministrative": "2354000", "researchAndDevelopment": "None", "operatingExpenses": "3487000", "investmentIncomeNet": "None", "netInterestIncome": "None", "interestIncome": "None", "interestExpense": "4028", "nonInterestIncome": "None", "otherNonOperatingIncome": "None", "depreciation": "None", "depreciationAndAmortization": "2393", "incomeBeforeTax": "-3718000", "incomeTaxExpense": "-52793", "interestAndDebtExpense": "None", "netIncomeFromContinuingOperations": "None", "comprehensiveIncomeNetOfTax": "None", "ebit": "-3713393", "ebitda": "-3711000", "netIncome": "-3836000"}, {"fiscalDateEnding": "2010-03-31", "reportedCurrency": "None", "grossProfit": "None", "totalRevenue": "None", "costOfRevenue": "None", "costofGoodsAndServicesSold": "None", "operatingIncome": "-3175000", "sellingGeneralAndAdministrative": "2475000", "researchAndDevelopment": "None", "operatingExpenses": "3279000", "investmentIncomeNet": "None", "netInterestIncome": "None", "interestIncome": "None", "interestExpense": "631476", "nonInterestIncome": "None", "otherNonOperatingIncome": "None", "depreciation": "None", "depreciationAndAmortization": "2112", "incomeBeforeTax": "-3421000", "incomeTaxExpense": "677910", "interestAndDebtExpense": "None", "netIncomeFromContinuingOperations": "None", "comprehensiveIncomeNetOfTax": "None", "ebit": "-3298112", "ebitda": "-3296000", "netIncome": "-3853000"}, {"fiscalDateEnding": "2009-03-31", "reportedCurrency": "None", "grossProfit": "6257", "totalRevenue": "6257", "costOfRevenue": "None", "costofGoodsAndServicesSold": "None", "operatingIncome": "-494213", "sellingGeneralAndAdministrative": "578025", "researchAndDevelopment": "None", "operatingExpenses": "500470", "investmentIncomeNet": "None", "netInterestIncome": "None", "interestIncome": "None", "interestExpense": "1870", "nonInterestIncome": "None", "otherNonOperatingIncome": "None", "depreciation": "None", "depreciationAndAmortization": "1605", "incomeBeforeTax": "-494213", "incomeTaxExpense": "51771", "interestAndDebtExpense": "None", "netIncomeFromContinuingOperations": "None", "comprehensiveIncomeNetOfTax": "None", "ebit": "-494212", "ebitda": "-492607", "netIncome": "-545984"}, {"fiscalDateEnding": "2008-03-31", "reportedCurrency": "None", "grossProfit": "312595", "totalRevenue": "312595", "costOfRevenue": "None", "costofGoodsAndServicesSold": "None", "operatingIncome": "-487354", "sellingGeneralAndAdministrative": "612144", "researchAndDevelopment": "None", "operatingExpenses": "799950", "investmentIncomeNet": "None", "netInterestIncome": "None", "interestIncome": "None", "interestExpense": "1578", "nonInterestIncome": "None", "otherNonOperatingIncome": "None", "depreciation": "None", "depreciationAndAmortization": "793.74", "incomeBeforeTax": "-487354", "incomeTaxExpense": "68167", "interestAndDebtExpense": "None", "netIncomeFromContinuingOperations": "None", "comprehensiveIncomeNetOfTax": "None", "ebit": "-553942.74", "ebitda": "-553149", "netIncome": "-555522"}, {"fiscalDateEnding": "2007-03-31", "reportedCurrency": "None", "grossProfit": "644752", "totalRevenue": "644752", "costOfRevenue": "None", "costofGoodsAndServicesSold": "None", "operatingIncome": "-33373", "sellingGeneralAndAdministrative": "None", "researchAndDevelopment": "None", "operatingExpenses": "678125", "investmentIncomeNet": "None", "netInterestIncome": "None", "interestIncome": "None", "interestExpense": "None", "nonInterestIncome": "None", "otherNonOperatingIncome": "None", "depreciation": "None", "depreciationAndAmortization": "None", "incomeBeforeTax": "-33373", "incomeTaxExpense": "-535924", "interestAndDebtExpense": "None", "netIncomeFromContinuingOperations": "None", "comprehensiveIncomeNetOfTax": "None", "ebit": "None", "ebitda": "-29783", "netIncome": "502551"}, {"fiscalDateEnding": "2006-03-31", "reportedCurrency": "None", "grossProfit": "1593452", "totalRevenue": "1593452", "costOfRevenue": "None", "costofGoodsAndServicesSold": "None", "operatingIncome": "-3933903", "sellingGeneralAndAdministrative": "None", "researchAndDevelopment": "None", "operatingExpenses": "5527356", "investmentIncomeNet": "None", "netInterestIncome": "None", "interestIncome": "None", "interestExpense": "3455", "nonInterestIncome": "None", "otherNonOperatingIncome": "None", "depreciation": "None", "depreciationAndAmortization": "35812", "incomeBeforeTax": "-3933903", "incomeTaxExpense": "-1422937", "interestAndDebtExpense": "None", "netIncomeFromContinuingOperations": "None", "comprehensiveIncomeNetOfTax": "None", "ebit": "-1076052", "ebitda": "-606998", "netIncome": "-2510966"}, {"fiscalDateEnding": "2003-03-31", "reportedCurrency": "None", "grossProfit": "10393", "totalRevenue": "10393", "costOfRevenue": "None", "costofGoodsAndServicesSold": "None", "operatingIncome": "-216595", "sellingGeneralAndAdministrative": "None", "researchAndDevelopment": "None", "operatingExpenses": "226989", "investmentIncomeNet": "None", "netInterestIncome": "None", "interestIncome": "None", "interestExpense": "None", "nonInterestIncome": "None", "otherNonOperatingIncome": "None", "depreciation": "None", "depreciationAndAmortization": "None", "incomeBeforeTax": "-216595", "incomeTaxExpense": "986.52", "interestAndDebtExpense": "None", "netIncomeFromContinuingOperations": "None", "comprehensiveIncomeNetOfTax": "None", "ebit": "None", "ebitda": "-216595", "netIncome": "-217581"}], "quarterlyReports": [{"fiscalDateEnding": "2025-12-31", "reportedCurrency": "None", "grossProfit": "None", "totalRevenue": "None", "costOfRevenue": "None", "costofGoodsAndServicesSold": "None", "operatingIncome": "-4503000", "sellingGeneralAndAdministrative": "3925000", "researchAndDevelopment": "578000", "operatingExpenses": "4503000", "investmentIncomeNet": "None", "netInterestIncome": "None", "interestIncome": "None", "interestExpense": "None", "nonInterestIncome": "None", "otherNonOperatingIncome": "None", "depreciation": "None", "depreciationAndAmortization": "8750", "incomeBeforeTax": "-10369000", "incomeTaxExpense": "None", "interestAndDebtExpense": "None", "netIncomeFromContinuingOperations": "None", "comprehensiveIncomeNetOfTax": "None", "ebit": "-10365750", "ebitda": "-10357000", "netIncome": "-10369000"}, {"fiscalDateEnding": "2025-09-30", "reportedCurrency": "USD", "grossProfit": "None", "totalRevenue": "0", "costOfRevenue": "None", "costofGoodsAndServicesSold": "None", "operatingIncome": "-4503000", "sellingGeneralAndAdministrative": "3925000", "researchAndDevelopment": "578000", "operatingExpenses": "4503000", "investmentIncomeNet": "None", "netInterestIncome": "1000", "interestIncome": "1000", "interestExpense": "None", "nonInterestIncome": "None", "otherNonOperatingIncome": "None", "depreciation": "None", "depreciationAndAmortization": "None", "incomeBeforeTax": "-10369000", "incomeTaxExpense": "None", "interestAndDebtExpense": "None", "netIncomeFromContinuingOperations": "-10369000", "comprehensiveIncomeNetOfTax": "None", "ebit": "None", "ebitda": "None", "netIncome": "-10369000"}, {"fiscalDateEnding": "2025-06-30", "reportedCurrency": "None", "grossProfit": "None", "totalRevenue": "None", "costOfRevenue": "None", "costofGoodsAndServicesSold": "None", "operatingIncome": "-3082000", "sellingGeneralAndAdministrative": "2434500", "researchAndDevelopment": "647500", "operatingExpenses": "3082000", "investmentIncomeNet": "None", "netInterestIncome": "None", "interestIncome": "None", "interestExpense": "None", "nonInterestIncome": "None", "otherNonOperatingIncome": "None", "depreciation": "None", "depreciationAndAmortization": "8750", "incomeBeforeTax": "-5571000", "incomeTaxExpense": "2500", "interestAndDebtExpense": "None", "netIncomeFromContinuingOperations": "None", "comprehensiveIncomeNetOfTax": "None", "ebit": "-3082000", "ebitda": "-3073250", "netIncome": "-5571000"}, {"fiscalDateEnding": "2024-12-31", "reportedCurrency": "None", "grossProfit": "None", "totalRevenue": "None", "costOfRevenue": "None", "costofGoodsAndServicesSold": "None", "operatingIncome": "-1470000", "sellingGeneralAndAdministrative": "919500", "researchAndDevelopment": "550500", "operatingExpenses": "1470000", "investmentIncomeNet": "None", "netInterestIncome": "None", "interestIncome": "None", "interestExpense": "None", "nonInterestIncome": "None", "otherNonOperatingIncome": "None", "depreciation": "None", "depreciationAndAmortization": "10000", "incomeBeforeTax": "-1878500", "incomeTaxExpense": "2500", "interestAndDebtExpense": "None", "netIncomeFromContinuingOperations": "None", "comprehensiveIncomeNetOfTax": "None", "ebit": "-1480000", "ebitda": "-1470000", "netIncome": "-1875500"}, {"fiscalDateEnding": "2024-09-30", "reportedCurrency": "USD", "grossProfit": "-7000", "totalRevenue": "0", "costOfRevenue": "7000", "costofGoodsAndServicesSold": "7000", "operatingIncome": "-1604000", "sellingGeneralAndAdministrative": "881000", "researchAndDevelopment": "723000", "operatingExpenses": "1604000", "investmentIncomeNet": "None", "netInterestIncome": "24000", "interestIncome": "24000", "interestExpense": "None", "nonInterestIncome": "None", "otherNonOperatingIncome": "None", "depreciation": "None", "depreciationAndAmortization": "7000", "incomeBeforeTax": "-1362000", "incomeTaxExpense": "None", "interestAndDebtExpense": "None", "netIncomeFromContinuingOperations": "-1362000", "comprehensiveIncomeNetOfTax": "None", "ebit": "-1611000", "ebitda": "-1604000", "netIncome": "-1360000"}, {"fiscalDateEnding": "2024-06-30", "reportedCurrency": "USD", "grossProfit": "-8000", "totalRevenue": "0", "costOfRevenue": "8000", "costofGoodsAndServicesSold": "8000", "operatingIncome": "-2839000", "sellingGeneralAndAdministrative": "1534000", "researchAndDevelopment": "1305000", "operatingExpenses": "2839000", "investmentIncomeNet": "None", "netInterestIncome": "45000", "interestIncome": "45000", "interestExpense": "7000", "nonInterestIncome": "None", "otherNonOperatingIncome": "None", "depreciation": "None", "depreciationAndAmortization": "8000", "incomeBeforeTax": "-1662000", "incomeTaxExpense": "2000", "interestAndDebtExpense": "None", "netIncomeFromContinuingOperations": "-1664000", "comprehensiveIncomeNetOfTax": "None", "ebit": "-2847000", "ebitda": "-2839000", "netIncome": "-1656000"}, {"fiscalDateEnding": "2024-03-31", "reportedCurrency": "USD", "grossProfit": "None", "totalRevenue": "0", "costOfRevenue": "None", "costofGoodsAndServicesSold": "None", "operatingIncome": "-3260000", "sellingGeneralAndAdministrative": "1348000", "researchAndDevelopment": "1899000", "operatingExpenses": "3260000", "investmentIncomeNet": "None", "netInterestIncome": "53000", "interestIncome": "60000", "interestExpense": "7000", "nonInterestIncome": "None", "otherNonOperatingIncome": "None", "depreciation": "None", "depreciationAndAmortization": "None", "incomeBeforeTax": "-24912000", "incomeTaxExpense": "None", "interestAndDebtExpense": "None", "netIncomeFromContinuingOperations": "-24913000", "comprehensiveIncomeNetOfTax": "None", "ebit": "None", "ebitda": "None", "netIncome": "-24889000"}, {"fiscalDateEnding": "2023-12-31", "reportedCurrency": "USD", "grossProfit": "-15000", "totalRevenue": "0", "costOfRevenue": "15000", "costofGoodsAndServicesSold": "15000", "operatingIncome": "-4025000", "sellingGeneralAndAdministrative": "1254000", "researchAndDevelopment": "2771000", "operatingExpenses": "4025000", "investmentIncomeNet": "None", "netInterestIncome": "66000", "interestIncome": "75000", "interestExpense": "9000", "nonInterestIncome": "None", "otherNonOperatingIncome": "None", "depreciation": "None", "depreciationAndAmortization": "15000", "incomeBeforeTax": "-48875000", "incomeTaxExpense": "-9497000", "interestAndDebtExpense": "None", "netIncomeFromContinuingOperations": "-39378000", "comprehensiveIncomeNetOfTax": "None", "ebit": "-48866000", "ebitda": "-48851000", "netIncome": "-39373000"}, {"fiscalDateEnding": "2023-09-30", "reportedCurrency": "None", "grossProfit": "None", "totalRevenue": "None", "costOfRevenue": "None", "costofGoodsAndServicesSold": "None", "operatingIncome": "-5930000", "sellingGeneralAndAdministrative": "1693000", "researchAndDevelopment": "4237000", "operatingExpenses": "5930000", "investmentIncomeNet": "None", "netInterestIncome": "None", "interestIncome": "None", "interestExpense": "10000", "nonInterestIncome": "None", "otherNonOperatingIncome": "None", "depreciation": "None", "depreciationAndAmortization": "15000", "incomeBeforeTax": "-6072000", "incomeTaxExpense": "-907000", "interestAndDebtExpense": "None", "netIncomeFromContinuingOperations": "None", "comprehensiveIncomeNetOfTax": "None", "ebit": "-5945000", "ebitda": "-5930000", "netIncome": "-5158000"}, {"fiscalDateEnding": "2023-06-30", "reportedCurrency": "None", "grossProfit": "None", "totalRevenue": "None", "costOfRevenue": "None", "costofGoodsAndServicesSold": "None", "operatingIncome": "-4997000", "sellingGeneralAndAdministrative": "1370000", "researchAndDevelopment": "3627000", "operatingExpenses": "4997000", "investmentIncomeNet": "None", "netInterestIncome": "None", "interestIncome": "None", "interestExpense": "None", "nonInterestIncome": "None", "otherNonOperatingIncome": "None", "depreciation": "None", "depreciationAndAmortization": "11000", "incomeBeforeTax": "-6071000", "incomeTaxExpense": "-145000", "interestAndDebtExpense": "None", "netIncomeFromContinuingOperations": "None", "comprehensiveIncomeNetOfTax": "None", "ebit": "-5008000", "ebitda": "-4997000", "netIncome": "-5919000"}, {"fiscalDateEnding": "2022-12-31", "reportedCurrency": "None", "grossProfit": "None", "totalRevenue": "None", "costOfRevenue": "None", "costofGoodsAndServicesSold": "None", "operatingIncome": "-4759000", "sellingGeneralAndAdministrative": "2224000", "researchAndDevelopment": "2535000", "operatingExpenses": "4759000", "investmentIncomeNet": "None", "netInterestIncome": "None", "interestIncome": "None", "interestExpense": "None", "nonInterestIncome": "None", "otherNonOperatingIncome": "None", "depreciation": "None", "depreciationAndAmortization": "1000", "incomeBeforeTax": "-5302000", "incomeTaxExpense": "2199000", "interestAndDebtExpense": "None", "netIncomeFromContinuingOperations": "None", "comprehensiveIncomeNetOfTax": "None", "ebit": "-5302000", "ebitda": "-5301000", "netIncome": "-7485000"}, {"fiscalDateEnding": "2022-09-30", "reportedCurrency": "None", "grossProfit": "None", "totalRevenue": "None", "costOfRevenue": "None", "costofGoodsAndServicesSold": "None", "operatingIncome": "-3653000", "sellingGeneralAndAdministrative": "2088000", "researchAndDevelopment": "1565000", "operatingExpenses": "3653000", "investmentIncomeNet": "None", "netInterestIncome": "None", "interestIncome": "None", "interestExpense": "9000", "nonInterestIncome": "None", "otherNonOperatingIncome": "None", "depreciation": "None", "depreciationAndAmortization": "None", "incomeBeforeTax": "-3638000", "incomeTaxExpense": "-2553000", "interestAndDebtExpense": "None", "netIncomeFromContinuingOperations": "None", "comprehensiveIncomeNetOfTax": "None", "ebit": "None", "ebitda": "-3629000", "netIncome": "-949000"}, {"fiscalDateEnding": "2022-06-30", "reportedCurrency": "None", "grossProfit": "None", "totalRevenue": "None", "costOfRevenue": "None", "costofGoodsAndServicesSold": "None", "operatingIncome": "-4087000", "sellingGeneralAndAdministrative": "2211000", "researchAndDevelopment": "1876000", "operatingExpenses": "4087000", "investmentIncomeNet": "None", "netInterestIncome": "None", "interestIncome": "None", "interestExpense": "1000", "nonInterestIncome": "None", "otherNonOperatingIncome": "None", "depreciation": "None", "depreciationAndAmortization": "None", "incomeBeforeTax": "-4177000", "incomeTaxExpense": "-2552000", "interestAndDebtExpense": "None", "netIncomeFromContinuingOperations": "None", "comprehensiveIncomeNetOfTax": "None", "ebit": "None", "ebitda": "-4087000", "netIncome": "-1729000"}, {"fiscalDateEnding": "2021-12-31", "reportedCurrency": "None", "grossProfit": "None", "totalRevenue": "None", "costOfRevenue": "None", "costofGoodsAndServicesSold": "None", "operatingIncome": "-4169000", "sellingGeneralAndAdministrative": "2241000", "researchAndDevelopment": "1928000", "operatingExpenses": "4169000", "investmentIncomeNet": "None", "netInterestIncome": "None", "interestIncome": "None", "interestExpense": "1000", "nonInterestIncome": "None", "otherNonOperatingIncome": "None", "depreciation": "None", "depreciationAndAmortization": "None", "incomeBeforeTax": "-4089000", "incomeTaxExpense": "117000", "interestAndDebtExpense": "None", "netIncomeFromContinuingOperations": "None", "comprehensiveIncomeNetOfTax": "None", "ebit": "None", "ebitda": "-4088000", "netIncome": "-3512000"}, {"fiscalDateEnding": "2021-09-30", "reportedCurrency": "None", "grossProfit": "None", "totalRevenue": "None", "costOfRevenue": "None", "costofGoodsAndServicesSold": "None", "operatingIncome": "-3330000", "sellingGeneralAndAdministrative": "2000000", "researchAndDevelopment": "1330000", "operatingExpenses": "3330000", "investmentIncomeNet": "None", "netInterestIncome": "None", "interestIncome": "None", "interestExpense": "7000", "nonInterestIncome": "None", "otherNonOperatingIncome": "None", "depreciation": "None", "depreciationAndAmortization": "None", "incomeBeforeTax": "-3380000", "incomeTaxExpense": "-503000", "interestAndDebtExpense": "None", "netIncomeFromContinuingOperations": "None", "comprehensiveIncomeNetOfTax": "None", "ebit": "None", "ebitda": "-3373000", "netIncome": "-2975000"}, {"fiscalDateEnding": "2021-06-30", "reportedCurrency": "None", "grossProfit": "None", "totalRevenue": "None", "costOfRevenue": "None", "costofGoodsAndServicesSold": "None", "operatingIncome": "-3593000", "sellingGeneralAndAdministrative": "2047000", "researchAndDevelopment": "1546000", "operatingExpenses": "3593000", "investmentIncomeNet": "None", "netInterestIncome": "None", "interestIncome": "None", "interestExpense": "34000", "nonInterestIncome": "None", "otherNonOperatingIncome": "None", "depreciation": "None", "depreciationAndAmortization": "None", "incomeBeforeTax": "-3302000", "incomeTaxExpense": "-79000", "interestAndDebtExpense": "None", "netIncomeFromContinuingOperations": "None", "comprehensiveIncomeNetOfTax": "None", "ebit": "None", "ebitda": "-3268000", "netIncome": "-3066000"}, {"fiscalDateEnding": "2020-12-31", "reportedCurrency": "None", "grossProfit": "None", "totalRevenue": "None", "costOfRevenue": "None", "costofGoodsAndServicesSold": "None", "operatingIncome": "-866000", "sellingGeneralAndAdministrative": "452000", "researchAndDevelopment": "414000", "operatingExpenses": "866000", "investmentIncomeNet": "None", "netInterestIncome": "None", "interestIncome": "None", "interestExpense": "3000", "nonInterestIncome": "None", "otherNonOperatingIncome": "None", "depreciation": "None", "depreciationAndAmortization": "None", "incomeBeforeTax": "-1415000", "incomeTaxExpense": "-65000", "interestAndDebtExpense": "None", "netIncomeFromContinuingOperations": "None", "comprehensiveIncomeNetOfTax": "None", "ebit": "None", "ebitda": "-1412000", "netIncome": "-1184000"}, {"fiscalDateEnding": "2020-09-30", "reportedCurrency": "None", "grossProfit": "None", "totalRevenue": "None", "costOfRevenue": "None", "costofGoodsAndServicesSold": "None", "operatingIncome": "-1168000", "sellingGeneralAndAdministrative": "376000", "researchAndDevelopment": "792000", "operatingExpenses": "1168000", "investmentIncomeNet": "None", "netInterestIncome": "None", "interestIncome": "None", "interestExpense": "47000", "nonInterestIncome": "None", "otherNonOperatingIncome": "None", "depreciation": "None", "depreciationAndAmortization": "None", "incomeBeforeTax": "-2689000", "incomeTaxExpense": "None", "interestAndDebtExpense": "None", "netIncomeFromContinuingOperations": "None", "comprehensiveIncomeNetOfTax": "None", "ebit": "None", "ebitda": "-2642000", "netIncome": "-2455000"}, {"fiscalDateEnding": "2020-06-30", "reportedCurrency": "None", "grossProfit": "None", "totalRevenue": "None", "costOfRevenue": "None", "costofGoodsAndServicesSold": "None", "operatingIncome": "-1528000", "sellingGeneralAndAdministrative": "1284000", "researchAndDevelopment": "2962000", "operatingExpenses": "1528000", "investmentIncomeNet": "None", "netInterestIncome": "None", "interestIncome": "None", "interestExpense": "142000", "nonInterestIncome": "None", "otherNonOperatingIncome": "None", "depreciation": "None", "depreciationAndAmortization": "None", "incomeBeforeTax": "279000", "incomeTaxExpense": "2165000", "interestAndDebtExpense": "None", "netIncomeFromContinuingOperations": "None", "comprehensiveIncomeNetOfTax": "None", "ebit": "None", "ebitda": "-77000", "netIncome": "-1302000"}, {"fiscalDateEnding": "2019-12-31", "reportedCurrency": "None", "grossProfit": "None", "totalRevenue": "None", "costOfRevenue": "None", "costofGoodsAndServicesSold": "None", "operatingIncome": "-1082000", "sellingGeneralAndAdministrative": "291000", "researchAndDevelopment": "791000", "operatingExpenses": "1082000", "investmentIncomeNet": "None", "netInterestIncome": "None", "interestIncome": "None", "interestExpense": "201000", "nonInterestIncome": "None", "otherNonOperatingIncome": "None", "depreciation": "None", "depreciationAndAmortization": "None", "incomeBeforeTax": "-1726000", "incomeTaxExpense": "None", "interestAndDebtExpense": "None", "netIncomeFromContinuingOperations": "None", "comprehensiveIncomeNetOfTax": "None", "ebit": "None", "ebitda": "-1525000", "netIncome": "-1316000"}, {"fiscalDateEnding": "2019-09-30", "reportedCurrency": "None", "grossProfit": "None", "totalRevenue": "None", "costOfRevenue": "None", "costofGoodsAndServicesSold": "None", "operatingIncome": "-1570000", "sellingGeneralAndAdministrative": "423000", "researchAndDevelopment": "1147000", "operatingExpenses": "1570000", "investmentIncomeNet": "None", "netInterestIncome": "None", "interestIncome": "None", "interestExpense": "108000", "nonInterestIncome": "None", "otherNonOperatingIncome": "None", "depreciation": "None", "depreciationAndAmortization": "None", "incomeBeforeTax": "-1701000", "incomeTaxExpense": "None", "interestAndDebtExpense": "None", "netIncomeFromContinuingOperations": "None", "comprehensiveIncomeNetOfTax": "None", "ebit": "None", "ebitda": "-1593000", "netIncome": "-1273000"}, {"fiscalDateEnding": "2019-06-30", "reportedCurrency": "None", "grossProfit": "None", "totalRevenue": "None", "costOfRevenue": "None", "costofGoodsAndServicesSold": "None", "operatingIncome": "-1798000", "sellingGeneralAndAdministrative": "561000", "researchAndDevelopment": "1237000", "operatingExpenses": "1798000", "investmentIncomeNet": "None", "netInterestIncome": "None", "interestIncome": "None", "interestExpense": "95000", "nonInterestIncome": "None", "otherNonOperatingIncome": "None", "depreciation": "None", "depreciationAndAmortization": "None", "incomeBeforeTax": "-1936000", "incomeTaxExpense": "None", "interestAndDebtExpense": "None", "netIncomeFromContinuingOperations": "None", "comprehensiveIncomeNetOfTax": "None", "ebit": "None", "ebitda": "-1841000", "netIncome": "-1442000"}, {"fiscalDateEnding": "2018-12-31", "reportedCurrency": "None", "grossProfit": "None", "totalRevenue": "None", "costOfRevenue": "None", "costofGoodsAndServicesSold": "None", "operatingIncome": "-258000", "sellingGeneralAndAdministrative": "152000", "researchAndDevelopment": "94000", "operatingExpenses": "258000", "investmentIncomeNet": "None", "netInterestIncome": "None", "interestIncome": "None", "interestExpense": "6000", "nonInterestIncome": "None", "otherNonOperatingIncome": "None", "depreciation": "None", "depreciationAndAmortization": "None", "incomeBeforeTax": "-292000", "incomeTaxExpense": "None", "interestAndDebtExpense": "None", "netIncomeFromContinuingOperations": "None", "comprehensiveIncomeNetOfTax": "None", "ebit": "None", "ebitda": "-258000", "netIncome": "-307000"}, {"fiscalDateEnding": "2018-09-30", "reportedCurrency": "None", "grossProfit": "None", "totalRevenue": "None", "costOfRevenue": "None", "costofGoodsAndServicesSold": "None", "operatingIncome": "-193000", "sellingGeneralAndAdministrative": "94000", "researchAndDevelopment": "65000", "operatingExpenses": "193000", "investmentIncomeNet": "None", "netInterestIncome": "None", "interestIncome": "None", "interestExpense": "9000", "nonInterestIncome": "None", "otherNonOperatingIncome": "None", "depreciation": "None", "depreciationAndAmortization": "None", "incomeBeforeTax": "-209000", "incomeTaxExpense": "None", "interestAndDebtExpense": "None", "netIncomeFromContinuingOperations": "None", "comprehensiveIncomeNetOfTax": "None", "ebit": "None", "ebitda": "-193000", "netIncome": "-208000"}, {"fiscalDateEnding": "2018-06-30", "reportedCurrency": "None", "grossProfit": "None", "totalRevenue": "None", "costOfRevenue": "None", "costofGoodsAndServicesSold": "None", "operatingIncome": "-164000", "sellingGeneralAndAdministrative": "94000", "researchAndDevelopment": "61000", "operatingExpenses": "164000", "investmentIncomeNet": "None", "netInterestIncome": "None", "interestIncome": "None", "interestExpense": "8000", "nonInterestIncome": "None", "otherNonOperatingIncome": "None", "depreciation": "None", "depreciationAndAmortization": "None", "incomeBeforeTax": "-219000", "incomeTaxExpense": "None", "interestAndDebtExpense": "None", "netIncomeFromContinuingOperations": "None", "comprehensiveIncomeNetOfTax": "None", "ebit": "None", "ebitda": "-164000", "netIncome": "-219000"}, {"fiscalDateEnding": "2017-12-31", "reportedCurrency": "None", "grossProfit": "None", "totalRevenue": "None", "costOfRevenue": "None", "costofGoodsAndServicesSold": "None", "operatingIncome": "343000", "sellingGeneralAndAdministrative": "174000", "researchAndDevelopment": "152000", "operatingExpenses": "-343000", "investmentIncomeNet": "None", "netInterestIncome": "None", "interestIncome": "None", "interestExpense": "8000", "nonInterestIncome": "None", "otherNonOperatingIncome": "None", "depreciation": "None", "depreciationAndAmortization": "None", "incomeBeforeTax": "-351000", "incomeTaxExpense": "None", "interestAndDebtExpense": "None", "netIncomeFromContinuingOperations": "None", "comprehensiveIncomeNetOfTax": "None", "ebit": "None", "ebitda": "-343000", "netIncome": "-351000"}, {"fiscalDateEnding": "2017-09-30", "reportedCurrency": "None", "grossProfit": "None", "totalRevenue": "None", "costOfRevenue": "None", "costofGoodsAndServicesSold": "None", "operatingIncome": "333000", "sellingGeneralAndAdministrative": "122000", "researchAndDevelopment": "191000", "operatingExpenses": "-333000", "investmentIncomeNet": "None", "netInterestIncome": "None", "interestIncome": "None", "interestExpense": "8000", "nonInterestIncome": "None", "otherNonOperatingIncome": "None", "depreciation": "None", "depreciationAndAmortization": "None", "incomeBeforeTax": "-341000", "incomeTaxExpense": "None", "interestAndDebtExpense": "None", "netIncomeFromContinuingOperations": "None", "comprehensiveIncomeNetOfTax": "None", "ebit": "None", "ebitda": "-333000", "netIncome": "-341000"}, {"fiscalDateEnding": "2017-06-30", "reportedCurrency": "None", "grossProfit": "None", "totalRevenue": "None", "costOfRevenue": "None", "costofGoodsAndServicesSold": "None", "operatingIncome": "325070", "sellingGeneralAndAdministrative": "151000", "researchAndDevelopment": "146000", "operatingExpenses": "-325070", "investmentIncomeNet": "None", "netInterestIncome": "None", "interestIncome": "None", "interestExpense": "8000", "nonInterestIncome": "None", "otherNonOperatingIncome": "None", "depreciation": "None", "depreciationAndAmortization": "None", "incomeBeforeTax": "-333000", "incomeTaxExpense": "None", "interestAndDebtExpense": "None", "netIncomeFromContinuingOperations": "None", "comprehensiveIncomeNetOfTax": "None", "ebit": "None", "ebitda": "-325000", "netIncome": "-333000"}, {"fiscalDateEnding": "2016-12-31", "reportedCurrency": "None", "grossProfit": "None", "totalRevenue": "None", "costOfRevenue": "None", "costofGoodsAndServicesSold": "None", "operatingIncome": "259733", "sellingGeneralAndAdministrative": "129000", "researchAndDevelopment": "117000", "operatingExpenses": "-259733", "investmentIncomeNet": "None", "netInterestIncome": "None", "interestIncome": "None", "interestExpense": "2000", "nonInterestIncome": "None", "otherNonOperatingIncome": "None", "depreciation": "None", "depreciationAndAmortization": "None", "incomeBeforeTax": "-6073000", "incomeTaxExpense": "None", "interestAndDebtExpense": "None", "netIncomeFromContinuingOperations": "None", "comprehensiveIncomeNetOfTax": "None", "ebit": "None", "ebitda": "-6071000", "netIncome": "-6073000"}, {"fiscalDateEnding": "2016-09-30", "reportedCurrency": "None", "grossProfit": "None", "totalRevenue": "None", "costOfRevenue": "None", "costofGoodsAndServicesSold": "None", "operatingIncome": "-590293", "sellingGeneralAndAdministrative": "189000", "researchAndDevelopment": "361000", "operatingExpenses": "590293", "investmentIncomeNet": "None", "netInterestIncome": "None", "interestIncome": "None", "interestExpense": "2000", "nonInterestIncome": "None", "otherNonOperatingIncome": "None", "depreciation": "None", "depreciationAndAmortization": "None", "incomeBeforeTax": "33861000", "incomeTaxExpense": "None", "interestAndDebtExpense": "None", "netIncomeFromContinuingOperations": "None", "comprehensiveIncomeNetOfTax": "None", "ebit": "None", "ebitda": "33863000", "netIncome": "33861000"}, {"fiscalDateEnding": "2016-06-30", "reportedCurrency": "None", "grossProfit": "None", "totalRevenue": "None", "costOfRevenue": "None", "costofGoodsAndServicesSold": "None", "operatingIncome": "-5073897", "sellingGeneralAndAdministrative": "1269336", "researchAndDevelopment": "3782258", "operatingExpenses": "5073897", "investmentIncomeNet": "None", "netInterestIncome": "None", "interestIncome": "None", "interestExpense": "1937", "nonInterestIncome": "None", "otherNonOperatingIncome": "None", "depreciation": "None", "depreciationAndAmortization": "84082", "incomeBeforeTax": "-5075834", "incomeTaxExpense": "None", "interestAndDebtExpense": "None", "netIncomeFromContinuingOperations": "None", "comprehensiveIncomeNetOfTax": "None", "ebit": "-5073897", "ebitda": "-4989815", "netIncome": "-2709556"}, {"fiscalDateEnding": "2015-12-31", "reportedCurrency": "None", "grossProfit": "None", "totalRevenue": "None", "costOfRevenue": "None", "costofGoodsAndServicesSold": "None", "operatingIncome": "-4831721", "sellingGeneralAndAdministrative": "3486468", "researchAndDevelopment": "1326867", "operatingExpenses": "4831721", "investmentIncomeNet": "None", "netInterestIncome": "None", "interestIncome": "None", "interestExpense": "1249", "nonInterestIncome": "None", "otherNonOperatingIncome": "None", "depreciation": "None", "depreciationAndAmortization": "None", "incomeBeforeTax": "-4832970", "incomeTaxExpense": "None", "interestAndDebtExpense": "None", "netIncomeFromContinuingOperations": "None", "comprehensiveIncomeNetOfTax": "None", "ebit": "None", "ebitda": "-4831721", "netIncome": "-2755032"}, {"fiscalDateEnding": "2015-09-30", "reportedCurrency": "None", "grossProfit": "None", "totalRevenue": "None", "costOfRevenue": "None", "costofGoodsAndServicesSold": "None", "operatingIncome": "-1534473", "sellingGeneralAndAdministrative": "214318", "researchAndDevelopment": "1297747", "operatingExpenses": "1534473", "investmentIncomeNet": "None", "netInterestIncome": "None", "interestIncome": "None", "interestExpense": "2278", "nonInterestIncome": "None", "otherNonOperatingIncome": "None", "depreciation": "None", "depreciationAndAmortization": "None", "incomeBeforeTax": "-1534473", "incomeTaxExpense": "None", "interestAndDebtExpense": "None", "netIncomeFromContinuingOperations": "None", "comprehensiveIncomeNetOfTax": "None", "ebit": "None", "ebitda": "-1532195", "netIncome": "-1015296"}, {"fiscalDateEnding": "2015-06-30", "reportedCurrency": "None", "grossProfit": "None", "totalRevenue": "None", "costOfRevenue": "None", "costofGoodsAndServicesSold": "None", "operatingIncome": "-1033412", "sellingGeneralAndAdministrative": "216418", "researchAndDevelopment": "786160", "operatingExpenses": "1033412", "investmentIncomeNet": "None", "netInterestIncome": "None", "interestIncome": "None", "interestExpense": "2126", "nonInterestIncome": "None", "otherNonOperatingIncome": "None", "depreciation": "None", "depreciationAndAmortization": "-726", "incomeBeforeTax": "-1035538", "incomeTaxExpense": "None", "interestAndDebtExpense": "None", "netIncomeFromContinuingOperations": "None", "comprehensiveIncomeNetOfTax": "None", "ebit": "-1443348", "ebitda": "-1033412", "netIncome": "-790903"}, {"fiscalDateEnding": "2014-12-31", "reportedCurrency": "None", "grossProfit": "None", "totalRevenue": "None", "costOfRevenue": "None", "costofGoodsAndServicesSold": "None", "operatingIncome": "-887283", "sellingGeneralAndAdministrative": "148312", "researchAndDevelopment": "703138", "operatingExpenses": "887283", "investmentIncomeNet": "None", "netInterestIncome": "None", "interestIncome": "None", "interestExpense": "1685", "nonInterestIncome": "None", "otherNonOperatingIncome": "None", "depreciation": "None", "depreciationAndAmortization": "242", "incomeBeforeTax": "-888912", "incomeTaxExpense": "None", "interestAndDebtExpense": "None", "netIncomeFromContinuingOperations": "None", "comprehensiveIncomeNetOfTax": "None", "ebit": "-887227", "ebitda": "-886985", "netIncome": "-637153"}, {"fiscalDateEnding": "2014-09-30", "reportedCurrency": "None", "grossProfit": "None", "totalRevenue": "None", "costOfRevenue": "None", "costofGoodsAndServicesSold": "None", "operatingIncome": "-957974", "sellingGeneralAndAdministrative": "182941", "researchAndDevelopment": "757192", "operatingExpenses": "957974", "investmentIncomeNet": "None", "netInterestIncome": "None", "interestIncome": "None", "interestExpense": "15828", "nonInterestIncome": "None", "otherNonOperatingIncome": "None", "depreciation": "None", "depreciationAndAmortization": "242", "incomeBeforeTax": "-973802", "incomeTaxExpense": "None", "interestAndDebtExpense": "None", "netIncomeFromContinuingOperations": "None", "comprehensiveIncomeNetOfTax": "None", "ebit": "-957974", "ebitda": "-957732", "netIncome": "-728714"}, {"fiscalDateEnding": "2014-06-30", "reportedCurrency": "None", "grossProfit": "None", "totalRevenue": "None", "costOfRevenue": "None", "costofGoodsAndServicesSold": "None", "operatingIncome": "-1031310", "sellingGeneralAndAdministrative": "226824", "researchAndDevelopment": "771519", "operatingExpenses": "1031310", "investmentIncomeNet": "None", "netInterestIncome": "None", "interestIncome": "None", "interestExpense": "984", "nonInterestIncome": "None", "otherNonOperatingIncome": "None", "depreciation": "None", "depreciationAndAmortization": "242", "incomeBeforeTax": "-1033615", "incomeTaxExpense": "None", "interestAndDebtExpense": "None", "netIncomeFromContinuingOperations": "None", "comprehensiveIncomeNetOfTax": "None", "ebit": "-1032631", "ebitda": "-1032389", "netIncome": "-785639"}, {"fiscalDateEnding": "2014-03-31", "reportedCurrency": "None", "grossProfit": "None", "totalRevenue": "None", "costOfRevenue": "None", "costofGoodsAndServicesSold": "None", "operatingIncome": "-5818951", "sellingGeneralAndAdministrative": "1246159", "researchAndDevelopment": "732989", "operatingExpenses": "5818951", "investmentIncomeNet": "None", "netInterestIncome": "None", "interestIncome": "None", "interestExpense": "467", "nonInterestIncome": "None", "otherNonOperatingIncome": "None", "depreciation": "None", "depreciationAndAmortization": "405", "incomeBeforeTax": "-1987647", "incomeTaxExpense": "None", "interestAndDebtExpense": "None", "netIncomeFromContinuingOperations": "None", "comprehensiveIncomeNetOfTax": "None", "ebit": "-1987180", "ebitda": "-1986775", "netIncome": "-1665964"}, {"fiscalDateEnding": "2013-12-31", "reportedCurrency": "None", "grossProfit": "None", "totalRevenue": "None", "costOfRevenue": "None", "costofGoodsAndServicesSold": "None", "operatingIncome": "-283225", "sellingGeneralAndAdministrative": "168881", "researchAndDevelopment": "114047", "operatingExpenses": "283225", "investmentIncomeNet": "None", "netInterestIncome": "None", "interestIncome": "None", "interestExpense": "811", "nonInterestIncome": "None", "otherNonOperatingIncome": "None", "depreciation": "None", "depreciationAndAmortization": "297", "incomeBeforeTax": "-292220", "incomeTaxExpense": "None", "interestAndDebtExpense": "None", "netIncomeFromContinuingOperations": "None", "comprehensiveIncomeNetOfTax": "None", "ebit": "-291409", "ebitda": "-291112", "netIncome": "-292220"}, {"fiscalDateEnding": "2013-09-30", "reportedCurrency": "None", "grossProfit": "None", "totalRevenue": "None", "costOfRevenue": "None", "costofGoodsAndServicesSold": "None", "operatingIncome": "-348745", "sellingGeneralAndAdministrative": "151596", "researchAndDevelopment": "195965", "operatingExpenses": "348745", "investmentIncomeNet": "None", "netInterestIncome": "None", "interestIncome": "None", "interestExpense": "838", "nonInterestIncome": "None", "otherNonOperatingIncome": "None", "depreciation": "None", "depreciationAndAmortization": "346", "incomeBeforeTax": "-348317", "incomeTaxExpense": "None", "interestAndDebtExpense": "None", "netIncomeFromContinuingOperations": "None", "comprehensiveIncomeNetOfTax": "None", "ebit": "-347479", "ebitda": "-347133", "netIncome": "-348317"}, {"fiscalDateEnding": "2013-06-30", "reportedCurrency": "None", "grossProfit": "None", "totalRevenue": "None", "costOfRevenue": "None", "costofGoodsAndServicesSold": "None", "operatingIncome": "-4005086", "sellingGeneralAndAdministrative": "85867", "researchAndDevelopment": "92778", "operatingExpenses": "4005086", "investmentIncomeNet": "None", "netInterestIncome": "None", "interestIncome": "None", "interestExpense": "1235", "nonInterestIncome": "None", "otherNonOperatingIncome": "None", "depreciation": "None", "depreciationAndAmortization": "116", "incomeBeforeTax": "-3998446", "incomeTaxExpense": "None", "interestAndDebtExpense": "None", "netIncomeFromContinuingOperations": "None", "comprehensiveIncomeNetOfTax": "None", "ebit": "-3997211", "ebitda": "-3997095", "netIncome": "-3998446"}, {"fiscalDateEnding": "2013-03-31", "reportedCurrency": "None", "grossProfit": "-233628", "totalRevenue": "None", "costOfRevenue": "None", "costofGoodsAndServicesSold": "None", "operatingIncome": "-712468", "sellingGeneralAndAdministrative": "545911", "researchAndDevelopment": "None", "operatingExpenses": "712468", "investmentIncomeNet": "None", "netInterestIncome": "None", "interestIncome": "None", "interestExpense": "577.59", "nonInterestIncome": "None", "otherNonOperatingIncome": "None", "depreciation": "None", "depreciationAndAmortization": "471.04", "incomeBeforeTax": "-480440", "incomeTaxExpense": "None", "interestAndDebtExpense": "None", "netIncomeFromContinuingOperations": "None", "comprehensiveIncomeNetOfTax": "None", "ebit": "-479862.04", "ebitda": "-479391", "netIncome": "-480440"}, {"fiscalDateEnding": "2012-12-31", "reportedCurrency": "None", "grossProfit": "None", "totalRevenue": "None", "costOfRevenue": "None", "costofGoodsAndServicesSold": "None", "operatingIncome": "299907", "sellingGeneralAndAdministrative": "194592", "researchAndDevelopment": "None", "operatingExpenses": "-299907", "investmentIncomeNet": "None", "netInterestIncome": "None", "interestIncome": "None", "interestExpense": "355.84", "nonInterestIncome": "None", "otherNonOperatingIncome": "None", "depreciation": "None", "depreciationAndAmortization": "445.30", "incomeBeforeTax": "315492", "incomeTaxExpense": "None", "interestAndDebtExpense": "None", "netIncomeFromContinuingOperations": "None", "comprehensiveIncomeNetOfTax": "None", "ebit": "315847.70", "ebitda": "316293", "netIncome": "315492"}, {"fiscalDateEnding": "2012-09-30", "reportedCurrency": "None", "grossProfit": "-1036", "totalRevenue": "-1036", "costOfRevenue": "None", "costofGoodsAndServicesSold": "None", "operatingIncome": "-2027938", "sellingGeneralAndAdministrative": "1938755", "researchAndDevelopment": "None", "operatingExpenses": "2026901", "investmentIncomeNet": "None", "netInterestIncome": "None", "interestIncome": "None", "interestExpense": "879.86", "nonInterestIncome": "None", "otherNonOperatingIncome": "None", "depreciation": "None", "depreciationAndAmortization": "265850", "incomeBeforeTax": "-2206375", "incomeTaxExpense": "None", "interestAndDebtExpense": "None", "netIncomeFromContinuingOperations": "None", "comprehensiveIncomeNetOfTax": "None", "ebit": "-2205495", "ebitda": "-1939645", "netIncome": "-2206375"}, {"fiscalDateEnding": "2012-06-30", "reportedCurrency": "None", "grossProfit": "99321", "totalRevenue": "99321", "costOfRevenue": "None", "costofGoodsAndServicesSold": "None", "operatingIncome": "-208189", "sellingGeneralAndAdministrative": "304924", "researchAndDevelopment": "None", "operatingExpenses": "307511", "investmentIncomeNet": "None", "netInterestIncome": "None", "interestIncome": "None", "interestExpense": "371.64", "nonInterestIncome": "None", "otherNonOperatingIncome": "None", "depreciation": "None", "depreciationAndAmortization": "404.09", "incomeBeforeTax": "881546", "incomeTaxExpense": "None", "interestAndDebtExpense": "None", "netIncomeFromContinuingOperations": "None", "comprehensiveIncomeNetOfTax": "None", "ebit": "881917.91", "ebitda": "882322", "netIncome": "881546"}, {"fiscalDateEnding": "2012-03-31", "reportedCurrency": "None", "grossProfit": "None", "totalRevenue": "None", "costOfRevenue": "None", "costofGoodsAndServicesSold": "None", "operatingIncome": "-404656", "sellingGeneralAndAdministrative": "308640", "researchAndDevelopment": "None", "operatingExpenses": "404656", "investmentIncomeNet": "None", "netInterestIncome": "None", "interestIncome": "None", "interestExpense": "591.41", "nonInterestIncome": "None", "otherNonOperatingIncome": "None", "depreciation": "None", "depreciationAndAmortization": "599.70", "incomeBeforeTax": "-404656", "incomeTaxExpense": "147785", "interestAndDebtExpense": "None", "netIncomeFromContinuingOperations": "None", "comprehensiveIncomeNetOfTax": "None", "ebit": "235377.30", "ebitda": "235977", "netIncome": "-552442"}, {"fiscalDateEnding": "2011-12-31", "reportedCurrency": "None", "grossProfit": "None", "totalRevenue": "None", "costOfRevenue": "None", "costofGoodsAndServicesSold": "None", "operatingIncome": "-327690", "sellingGeneralAndAdministrative": "327142", "researchAndDevelopment": "None", "operatingExpenses": "327690", "investmentIncomeNet": "None", "netInterestIncome": "None", "interestIncome": "None", "interestExpense": "496.57", "nonInterestIncome": "None", "otherNonOperatingIncome": "None", "depreciation": "None", "depreciationAndAmortization": "566.14", "incomeBeforeTax": "-408613", "incomeTaxExpense": "None", "interestAndDebtExpense": "None", "netIncomeFromContinuingOperations": "None", "comprehensiveIncomeNetOfTax": "None", "ebit": "-408116.14", "ebitda": "-407550", "netIncome": "-408613"}, {"fiscalDateEnding": "2011-09-30", "reportedCurrency": "None", "grossProfit": "None", "totalRevenue": "None", "costOfRevenue": "None", "costofGoodsAndServicesSold": "None", "operatingIncome": "-440998", "sellingGeneralAndAdministrative": "432917", "researchAndDevelopment": "None", "operatingExpenses": "440998", "investmentIncomeNet": "None", "netInterestIncome": "None", "interestIncome": "None", "interestExpense": "272.72", "nonInterestIncome": "None", "otherNonOperatingIncome": "None", "depreciation": "None", "depreciationAndAmortization": "539.66", "incomeBeforeTax": "-648802", "incomeTaxExpense": "None", "interestAndDebtExpense": "None", "netIncomeFromContinuingOperations": "None", "comprehensiveIncomeNetOfTax": "None", "ebit": "-648528.66", "ebitda": "-647989", "netIncome": "-648802"}, {"fiscalDateEnding": "2011-06-30", "reportedCurrency": "None", "grossProfit": "None", "totalRevenue": "None", "costOfRevenue": "None", "costofGoodsAndServicesSold": "None", "operatingIncome": "-533951", "sellingGeneralAndAdministrative": "526912", "researchAndDevelopment": "None", "operatingExpenses": "533951", "investmentIncomeNet": "None", "netInterestIncome": "None", "interestIncome": "None", "interestExpense": "408.87", "nonInterestIncome": "None", "otherNonOperatingIncome": "None", "depreciation": "None", "depreciationAndAmortization": "578.20", "incomeBeforeTax": "-901938", "incomeTaxExpense": "-593274", "interestAndDebtExpense": "None", "netIncomeFromContinuingOperations": "None", "comprehensiveIncomeNetOfTax": "None", "ebit": "-901528.20", "ebitda": "-900950", "netIncome": "-901938"}, {"fiscalDateEnding": "2010-12-31", "reportedCurrency": "None", "grossProfit": "None", "totalRevenue": "None", "costOfRevenue": "None", "costofGoodsAndServicesSold": "None", "operatingIncome": "-1096284", "sellingGeneralAndAdministrative": "1006207", "researchAndDevelopment": "None", "operatingExpenses": "1096284", "investmentIncomeNet": "None", "netInterestIncome": "None", "interestIncome": "None", "interestExpense": "151.98", "nonInterestIncome": "None", "otherNonOperatingIncome": "None", "depreciation": "None", "depreciationAndAmortization": "645.22", "incomeBeforeTax": "-1185911", "incomeTaxExpense": "None", "interestAndDebtExpense": "None", "netIncomeFromContinuingOperations": "None", "comprehensiveIncomeNetOfTax": "None", "ebit": "-1185759.22", "ebitda": "-1185114", "netIncome": "-1064710"}, {"fiscalDateEnding": "2010-09-30", "reportedCurrency": "None", "grossProfit": "None", "totalRevenue": "None", "costOfRevenue": "None", "costofGoodsAndServicesSold": "None", "operatingIncome": "-837608", "sellingGeneralAndAdministrative": "760399", "researchAndDevelopment": "None", "operatingExpenses": "837608", "investmentIncomeNet": "None", "netInterestIncome": "None", "interestIncome": "None", "interestExpense": "559.22", "nonInterestIncome": "None", "otherNonOperatingIncome": "None", "depreciation": "None", "depreciationAndAmortization": "629.26", "incomeBeforeTax": "-1363715", "incomeTaxExpense": "None", "interestAndDebtExpense": "None", "netIncomeFromContinuingOperations": "None", "comprehensiveIncomeNetOfTax": "None", "ebit": "-1363156.26", "ebitda": "-1362527", "netIncome": "-1288301"}, {"fiscalDateEnding": "2010-06-30", "reportedCurrency": "None", "grossProfit": "635941", "totalRevenue": "635941", "costOfRevenue": "None", "costofGoodsAndServicesSold": "None", "operatingIncome": "-553022", "sellingGeneralAndAdministrative": "521479", "researchAndDevelopment": "None", "operatingExpenses": "553022", "investmentIncomeNet": "None", "netInterestIncome": "None", "interestIncome": "None", "interestExpense": "4017", "nonInterestIncome": "None", "otherNonOperatingIncome": "None", "depreciation": "None", "depreciationAndAmortization": "550.23", "incomeBeforeTax": "-515919", "incomeTaxExpense": "976166", "interestAndDebtExpense": "None", "netIncomeFromContinuingOperations": "None", "comprehensiveIncomeNetOfTax": "None", "ebit": "-511901.23", "ebitda": "-511351", "netIncome": "-460735"}, {"fiscalDateEnding": "2009-12-31", "reportedCurrency": "None", "grossProfit": "None", "totalRevenue": "None", "costOfRevenue": "None", "costofGoodsAndServicesSold": "None", "operatingIncome": "-518703", "sellingGeneralAndAdministrative": "496466", "researchAndDevelopment": "None", "operatingExpenses": "518703", "investmentIncomeNet": "None", "netInterestIncome": "None", "interestIncome": "None", "interestExpense": "54926", "nonInterestIncome": "None", "otherNonOperatingIncome": "None", "depreciation": "None", "depreciationAndAmortization": "628.41", "incomeBeforeTax": "-651812", "incomeTaxExpense": "None", "interestAndDebtExpense": "None", "netIncomeFromContinuingOperations": "None", "comprehensiveIncomeNetOfTax": "None", "ebit": "-596885.41", "ebitda": "-596257", "netIncome": "-602464"}, {"fiscalDateEnding": "2009-09-30", "reportedCurrency": "None", "grossProfit": "None", "totalRevenue": "None", "costOfRevenue": "None", "costofGoodsAndServicesSold": "None", "operatingIncome": "-713628", "sellingGeneralAndAdministrative": "169870", "researchAndDevelopment": "None", "operatingExpenses": "713628", "investmentIncomeNet": "None", "netInterestIncome": "None", "interestIncome": "None", "interestExpense": "266.63", "nonInterestIncome": "None", "otherNonOperatingIncome": "None", "depreciation": "None", "depreciationAndAmortization": "520.01", "incomeBeforeTax": "-713628", "incomeTaxExpense": "266.63", "interestAndDebtExpense": "None", "netIncomeFromContinuingOperations": "None", "comprehensiveIncomeNetOfTax": "None", "ebit": "-713628.01", "ebitda": "-713108", "netIncome": "-713895"}, {"fiscalDateEnding": "2009-06-30", "reportedCurrency": "None", "grossProfit": "-660", "totalRevenue": "-660", "costOfRevenue": "None", "costofGoodsAndServicesSold": "None", "operatingIncome": "-177128", "sellingGeneralAndAdministrative": "140921", "researchAndDevelopment": "None", "operatingExpenses": "177128", "investmentIncomeNet": "None", "netInterestIncome": "None", "interestIncome": "None", "interestExpense": "456.52", "nonInterestIncome": "None", "otherNonOperatingIncome": "None", "depreciation": "None", "depreciationAndAmortization": "443.60", "incomeBeforeTax": "-177128", "incomeTaxExpense": "50187", "interestAndDebtExpense": "None", "netIncomeFromContinuingOperations": "None", "comprehensiveIncomeNetOfTax": "None", "ebit": "-176671.60", "ebitda": "-176228", "netIncome": "-177128"}, {"fiscalDateEnding": "2008-12-31", "reportedCurrency": "None", "grossProfit": "-47584", "totalRevenue": "-47584", "costOfRevenue": "None", "costofGoodsAndServicesSold": "None", "operatingIncome": "-226060", "sellingGeneralAndAdministrative": "168534", "researchAndDevelopment": "None", "operatingExpenses": "178476", "investmentIncomeNet": "None", "netInterestIncome": "None", "interestIncome": "None", "interestExpense": "518.49", "nonInterestIncome": "None", "otherNonOperatingIncome": "None", "depreciation": "None", "depreciationAndAmortization": "416.60", "incomeBeforeTax": "-226060", "incomeTaxExpense": "518.49", "interestAndDebtExpense": "None", "netIncomeFromContinuingOperations": "None", "comprehensiveIncomeNetOfTax": "None", "ebit": "-226060.60", "ebitda": "-225644", "netIncome": "-226579"}, {"fiscalDateEnding": "2008-09-30", "reportedCurrency": "None", "grossProfit": "6970", "totalRevenue": "6970", "costOfRevenue": "None", "costofGoodsAndServicesSold": "None", "operatingIncome": "-152720", "sellingGeneralAndAdministrative": "None", "researchAndDevelopment": "None", "operatingExpenses": "159691", "investmentIncomeNet": "None", "netInterestIncome": "None", "interestIncome": "None", "interestExpense": "None", "nonInterestIncome": "None", "otherNonOperatingIncome": "None", "depreciation": "None", "depreciationAndAmortization": "464.73", "incomeBeforeTax": "-152720", "incomeTaxExpense": "-32983", "interestAndDebtExpense": "None", "netIncomeFromContinuingOperations": "None", "comprehensiveIncomeNetOfTax": "None", "ebit": "-152719.73", "ebitda": "-152255", "netIncome": "-119737"}, {"fiscalDateEnding": "2008-06-30", "reportedCurrency": "None", "grossProfit": "116601", "totalRevenue": "116601", "costOfRevenue": "None", "costofGoodsAndServicesSold": "None", "operatingIncome": "-19868", "sellingGeneralAndAdministrative": "173011", "researchAndDevelopment": "None", "operatingExpenses": "19868", "investmentIncomeNet": "None", "netInterestIncome": "None", "interestIncome": "None", "interestExpense": "541.36", "nonInterestIncome": "None", "otherNonOperatingIncome": "None", "depreciation": "None", "depreciationAndAmortization": "368.44", "incomeBeforeTax": "-19868", "incomeTaxExpense": "-120672", "interestAndDebtExpense": "None", "netIncomeFromContinuingOperations": "None", "comprehensiveIncomeNetOfTax": "None", "ebit": "-19326.44", "ebitda": "-18958", "netIncome": "-19868"}, {"fiscalDateEnding": "2007-12-31", "reportedCurrency": "None", "grossProfit": "1241", "totalRevenue": "1241", "costOfRevenue": "None", "costofGoodsAndServicesSold": "None", "operatingIncome": "-155684", "sellingGeneralAndAdministrative": "134779", "researchAndDevelopment": "None", "operatingExpenses": "156925", "investmentIncomeNet": "None", "netInterestIncome": "None", "interestIncome": "None", "interestExpense": "538.22", "nonInterestIncome": "None", "otherNonOperatingIncome": "None", "depreciation": "None", "depreciationAndAmortization": "None", "incomeBeforeTax": "-155684", "incomeTaxExpense": "16241", "interestAndDebtExpense": "None", "netIncomeFromContinuingOperations": "None", "comprehensiveIncomeNetOfTax": "None", "ebit": "None", "ebitda": "-171387", "netIncome": "-171925"}, {"fiscalDateEnding": "2007-09-30", "reportedCurrency": "None", "grossProfit": "25206", "totalRevenue": "25206", "costOfRevenue": "None", "costofGoodsAndServicesSold": "None", "operatingIncome": "-147237", "sellingGeneralAndAdministrative": "None", "researchAndDevelopment": "None", "operatingExpenses": "172443", "investmentIncomeNet": "None", "netInterestIncome": "None", "interestIncome": "None", "interestExpense": "None", "nonInterestIncome": "None", "otherNonOperatingIncome": "None", "depreciation": "None", "depreciationAndAmortization": "None", "incomeBeforeTax": "-147237", "incomeTaxExpense": "82812", "interestAndDebtExpense": "None", "netIncomeFromContinuingOperations": "None", "comprehensiveIncomeNetOfTax": "None", "ebit": "None", "ebitda": "-147237", "netIncome": "-230049"}, {"fiscalDateEnding": "2007-06-30", "reportedCurrency": "None", "grossProfit": "20343", "totalRevenue": "20343", "costOfRevenue": "None", "costofGoodsAndServicesSold": "None", "operatingIncome": "-154601", "sellingGeneralAndAdministrative": "None", "researchAndDevelopment": "None", "operatingExpenses": "174945", "investmentIncomeNet": "None", "netInterestIncome": "None", "interestIncome": "None", "interestExpense": "None", "nonInterestIncome": "None", "otherNonOperatingIncome": "None", "depreciation": "None", "depreciationAndAmortization": "None", "incomeBeforeTax": "-154601", "incomeTaxExpense": "-13333", "interestAndDebtExpense": "None", "netIncomeFromContinuingOperations": "None", "comprehensiveIncomeNetOfTax": "None", "ebit": "None", "ebitda": "-154600", "netIncome": "-141268"}, {"fiscalDateEnding": "2007-03-31", "reportedCurrency": "None", "grossProfit": "None", "totalRevenue": "None", "costOfRevenue": "None", "costofGoodsAndServicesSold": "None", "operatingIncome": "461904", "sellingGeneralAndAdministrative": "None", "researchAndDevelopment": "None", "operatingExpenses": "-461904", "investmentIncomeNet": "None", "netInterestIncome": "None", "interestIncome": "None", "interestExpense": "None", "nonInterestIncome": "None", "otherNonOperatingIncome": "None", "depreciation": "None", "depreciationAndAmortization": "None", "incomeBeforeTax": "461904", "incomeTaxExpense": "198642", "interestAndDebtExpense": "None", "netIncomeFromContinuingOperations": "None", "comprehensiveIncomeNetOfTax": "None", "ebit": "None", "ebitda": "461975", "netIncome": "263261"}, {"fiscalDateEnding": "2006-12-31", "reportedCurrency": "None", "grossProfit": "None", "totalRevenue": "None", "costOfRevenue": "None", "costofGoodsAndServicesSold": "None", "operatingIncome": "-160057", "sellingGeneralAndAdministrative": "None", "researchAndDevelopment": "None", "operatingExpenses": "160057", "investmentIncomeNet": "None", "netInterestIncome": "None", "interestIncome": "None", "interestExpense": "None", "nonInterestIncome": "None", "otherNonOperatingIncome": "None", "depreciation": "None", "depreciationAndAmortization": "None", "incomeBeforeTax": "-160057", "incomeTaxExpense": "-157898", "interestAndDebtExpense": "None", "netIncomeFromContinuingOperations": "None", "comprehensiveIncomeNetOfTax": "None", "ebit": "None", "ebitda": "-160039", "netIncome": "-2159"}, {"fiscalDateEnding": "2006-09-30", "reportedCurrency": "None", "grossProfit": "None", "totalRevenue": "None", "costOfRevenue": "None", "costofGoodsAndServicesSold": "None", "operatingIncome": "-170829", "sellingGeneralAndAdministrative": "None", "researchAndDevelopment": "None", "operatingExpenses": "170829", "investmentIncomeNet": "None", "netInterestIncome": "None", "interestIncome": "None", "interestExpense": "None", "nonInterestIncome": "None", "otherNonOperatingIncome": "None", "depreciation": "None", "depreciationAndAmortization": "None", "incomeBeforeTax": "-170829", "incomeTaxExpense": "-88939", "interestAndDebtExpense": "None", "netIncomeFromContinuingOperations": "None", "comprehensiveIncomeNetOfTax": "None", "ebit": "None", "ebitda": "-167174", "netIncome": "-81889"}, {"fiscalDateEnding": "2006-06-30", "reportedCurrency": "None", "grossProfit": "23651", "totalRevenue": "23651", "costOfRevenue": "None", "costofGoodsAndServicesSold": "None", "operatingIncome": "-158388", "sellingGeneralAndAdministrative": "None", "researchAndDevelopment": "None", "operatingExpenses": "182040", "investmentIncomeNet": "None", "netInterestIncome": "None", "interestIncome": "None", "interestExpense": "None", "nonInterestIncome": "None", "otherNonOperatingIncome": "None", "depreciation": "None", "depreciationAndAmortization": "None", "incomeBeforeTax": "-158388", "incomeTaxExpense": "181452", "interestAndDebtExpense": "None", "netIncomeFromContinuingOperations": "None", "comprehensiveIncomeNetOfTax": "None", "ebit": "None", "ebitda": "-158389", "netIncome": "-339841"}, {"fiscalDateEnding": "2006-03-31", "reportedCurrency": "None", "grossProfit": "None", "totalRevenue": "None", "costOfRevenue": "None", "costofGoodsAndServicesSold": "None", "operatingIncome": "1416153", "sellingGeneralAndAdministrative": "None", "researchAndDevelopment": "None", "operatingExpenses": "-1416153", "investmentIncomeNet": "None", "netInterestIncome": "None", "interestIncome": "None", "interestExpense": "None", "nonInterestIncome": "None", "otherNonOperatingIncome": "None", "depreciation": "None", "depreciationAndAmortization": "None", "incomeBeforeTax": "1416153", "incomeTaxExpense": "1479112", "interestAndDebtExpense": "None", "netIncomeFromContinuingOperations": "None", "comprehensiveIncomeNetOfTax": "None", "ebit": "None", "ebitda": "1403548", "netIncome": "-62959"}, {"fiscalDateEnding": "2005-12-31", "reportedCurrency": "None", "grossProfit": "None", "totalRevenue": "None", "costOfRevenue": "None", "costofGoodsAndServicesSold": "None", "operatingIncome": "27360", "sellingGeneralAndAdministrative": "None", "researchAndDevelopment": "None", "operatingExpenses": "-27360", "investmentIncomeNet": "None", "netInterestIncome": "None", "interestIncome": "None", "interestExpense": "None", "nonInterestIncome": "None", "otherNonOperatingIncome": "None", "depreciation": "None", "depreciationAndAmortization": "None", "incomeBeforeTax": "27360", "incomeTaxExpense": "160862", "interestAndDebtExpense": "None", "netIncomeFromContinuingOperations": "None", "comprehensiveIncomeNetOfTax": "None", "ebit": "None", "ebitda": "-303918", "netIncome": "-133501"}, {"fiscalDateEnding": "2005-09-30", "reportedCurrency": "None", "grossProfit": "1646443", "totalRevenue": "1646443", "costOfRevenue": "None", "costofGoodsAndServicesSold": "None", "operatingIncome": "-4214241", "sellingGeneralAndAdministrative": "None", "researchAndDevelopment": "None", "operatingExpenses": "5860684", "investmentIncomeNet": "None", "netInterestIncome": "None", "interestIncome": "None", "interestExpense": "None", "nonInterestIncome": "None", "otherNonOperatingIncome": "None", "depreciation": "None", "depreciationAndAmortization": "None", "incomeBeforeTax": "-4214241", "incomeTaxExpense": "-1506978", "interestAndDebtExpense": "None", "netIncomeFromContinuingOperations": "None", "comprehensiveIncomeNetOfTax": "None", "ebit": "None", "ebitda": "-547397", "netIncome": "-2707262"}, {"fiscalDateEnding": "2005-06-30", "reportedCurrency": "None", "grossProfit": "1786", "totalRevenue": "1786", "costOfRevenue": "None", "costofGoodsAndServicesSold": "None", "operatingIncome": "-1121404", "sellingGeneralAndAdministrative": "None", "researchAndDevelopment": "None", "operatingExpenses": "1123191", "investmentIncomeNet": "None", "netInterestIncome": "None", "interestIncome": "None", "interestExpense": "None", "nonInterestIncome": "None", "otherNonOperatingIncome": "None", "depreciation": "None", "depreciationAndAmortization": "None", "incomeBeforeTax": "-1121404", "incomeTaxExpense": "14153", "interestAndDebtExpense": "None", "netIncomeFromContinuingOperations": "None", "comprehensiveIncomeNetOfTax": "None", "ebit": "None", "ebitda": "-1096664", "netIncome": "-1135557"}, {"fiscalDateEnding": "2004-12-31", "reportedCurrency": "None", "grossProfit": "132743", "totalRevenue": "132743", "costOfRevenue": "None", "costofGoodsAndServicesSold": "None", "operatingIncome": "-96056", "sellingGeneralAndAdministrative": "None", "researchAndDevelopment": "None", "operatingExpenses": "228799", "investmentIncomeNet": "None", "netInterestIncome": "None", "interestIncome": "None", "interestExpense": "None", "nonInterestIncome": "None", "otherNonOperatingIncome": "None", "depreciation": "None", "depreciationAndAmortization": "None", "incomeBeforeTax": "-96056", "incomeTaxExpense": "1515", "interestAndDebtExpense": "None", "netIncomeFromContinuingOperations": "None", "comprehensiveIncomeNetOfTax": "None", "ebit": "None", "ebitda": "-96056", "netIncome": "-97571"}, {"fiscalDateEnding": "2004-09-30", "reportedCurrency": "None", "grossProfit": "None", "totalRevenue": "None", "costOfRevenue": "None", "costofGoodsAndServicesSold": "None", "operatingIncome": "-233799", "sellingGeneralAndAdministrative": "None", "researchAndDevelopment": "None", "operatingExpenses": "233799", "investmentIncomeNet": "None", "netInterestIncome": "None", "interestIncome": "None", "interestExpense": "None", "nonInterestIncome": "None", "otherNonOperatingIncome": "None", "depreciation": "None", "depreciationAndAmortization": "None", "incomeBeforeTax": "-233799", "incomeTaxExpense": "1074", "interestAndDebtExpense": "None", "netIncomeFromContinuingOperations": "None", "comprehensiveIncomeNetOfTax": "None", "ebit": "None", "ebitda": "-233799", "netIncome": "-234874"}, {"fiscalDateEnding": "2004-06-30", "reportedCurrency": "None", "grossProfit": "None", "totalRevenue": "None", "costOfRevenue": "None", "costofGoodsAndServicesSold": "None", "operatingIncome": "-268471", "sellingGeneralAndAdministrative": "None", "researchAndDevelopment": "None", "operatingExpenses": "268471", "investmentIncomeNet": "None", "netInterestIncome": "None", "interestIncome": "None", "interestExpense": "None", "nonInterestIncome": "None", "otherNonOperatingIncome": "None", "depreciation": "None", "depreciationAndAmortization": "58.05", "incomeBeforeTax": "-268471", "incomeTaxExpense": "1713", "interestAndDebtExpense": "None", "netIncomeFromContinuingOperations": "None", "comprehensiveIncomeNetOfTax": "None", "ebit": "-268471.05", "ebitda": "-268413", "netIncome": "-270185"}, {"fiscalDateEnding": "2003-12-31", "reportedCurrency": "None", "grossProfit": "16394", "totalRevenue": "16394", "costOfRevenue": "None", "costofGoodsAndServicesSold": "None", "operatingIncome": "-49015", "sellingGeneralAndAdministrative": "None", "researchAndDevelopment": "None", "operatingExpenses": "65410", "investmentIncomeNet": "None", "netInterestIncome": "None", "interestIncome": "None", "interestExpense": "None", "nonInterestIncome": "None", "otherNonOperatingIncome": "None", "depreciation": "None", "depreciationAndAmortization": "None", "incomeBeforeTax": "-49015", "incomeTaxExpense": "168.88", "interestAndDebtExpense": "None", "netIncomeFromContinuingOperations": "None", "comprehensiveIncomeNetOfTax": "None", "ebit": "None", "ebitda": "-49015", "netIncome": "-49184"}, {"fiscalDateEnding": "2003-09-30", "reportedCurrency": "None", "grossProfit": "None", "totalRevenue": "None", "costOfRevenue": "None", "costofGoodsAndServicesSold": "None", "operatingIncome": "-87368", "sellingGeneralAndAdministrative": "None", "researchAndDevelopment": "None", "operatingExpenses": "87368", "investmentIncomeNet": "None", "netInterestIncome": "None", "interestIncome": "None", "interestExpense": "None", "nonInterestIncome": "None", "otherNonOperatingIncome": "None", "depreciation": "None", "depreciationAndAmortization": "None", "incomeBeforeTax": "-87368", "incomeTaxExpense": "9489", "interestAndDebtExpense": "None", "netIncomeFromContinuingOperations": "None", "comprehensiveIncomeNetOfTax": "None", "ebit": "None", "ebitda": "-87368", "netIncome": "-96857"}, {"fiscalDateEnding": "2003-06-30", "reportedCurrency": "None", "grossProfit": "8680", "totalRevenue": "8680", "costOfRevenue": "None", "costofGoodsAndServicesSold": "None", "operatingIncome": "-26966", "sellingGeneralAndAdministrative": "None", "researchAndDevelopment": "None", "operatingExpenses": "35647", "investmentIncomeNet": "None", "netInterestIncome": "None", "interestIncome": "None", "interestExpense": "None", "nonInterestIncome": "None", "otherNonOperatingIncome": "None", "depreciation": "None", "depreciationAndAmortization": "None", "incomeBeforeTax": "-26966", "incomeTaxExpense": "320.72", "interestAndDebtExpense": "None", "netIncomeFromContinuingOperations": "None", "comprehensiveIncomeNetOfTax": "None", "ebit": "None", "ebitda": "-26966", "netIncome": "-27286"}, {"fiscalDateEnding": "2003-03-31", "reportedCurrency": "None", "grossProfit": "None", "totalRevenue": "None", "costOfRevenue": "None", "costofGoodsAndServicesSold": "None", "operatingIncome": "-35384", "sellingGeneralAndAdministrative": "None", "researchAndDevelopment": "None", "operatingExpenses": "35384", "investmentIncomeNet": "None", "netInterestIncome": "None", "interestIncome": "None", "interestExpense": "None", "nonInterestIncome": "None", "otherNonOperatingIncome": "None", "depreciation": "None", "depreciationAndAmortization": "None", "incomeBeforeTax": "-35384", "incomeTaxExpense": "-590", "interestAndDebtExpense": "None", "netIncomeFromContinuingOperations": "None", "comprehensiveIncomeNetOfTax": "None", "ebit": "None", "ebitda": "-35384", "netIncome": "-34793"}, {"fiscalDateEnding": "2002-12-31", "reportedCurrency": "None", "grossProfit": "None", "totalRevenue": "None", "costOfRevenue": "None", "costofGoodsAndServicesSold": "None", "operatingIncome": "-83888.18", "sellingGeneralAndAdministrative": "None", "researchAndDevelopment": "None", "operatingExpenses": "83888", "investmentIncomeNet": "None", "netInterestIncome": "None", "interestIncome": "None", "interestExpense": "None", "nonInterestIncome": "None", "otherNonOperatingIncome": "None", "depreciation": "None", "depreciationAndAmortization": "None", "incomeBeforeTax": "-83888.18", "incomeTaxExpense": "1008.70", "interestAndDebtExpense": "None", "netIncomeFromContinuingOperations": "None", "comprehensiveIncomeNetOfTax": "None", "ebit": "None", "ebitda": "-83888.18", "netIncome": "-84896.88"}, {"fiscalDateEnding": "2002-09-30", "reportedCurrency": "None", "grossProfit": "None", "totalRevenue": "None", "costOfRevenue": "None", "costofGoodsAndServicesSold": "None", "operatingIncome": "-52899", "sellingGeneralAndAdministrative": "None", "researchAndDevelopment": "None", "operatingExpenses": "52899", "investmentIncomeNet": "None", "netInterestIncome": "None", "interestIncome": "None", "interestExpense": "None", "nonInterestIncome": "None", "otherNonOperatingIncome": "None", "depreciation": "None", "depreciationAndAmortization": "None", "incomeBeforeTax": "-52899", "incomeTaxExpense": "264.01", "interestAndDebtExpense": "None", "netIncomeFromContinuingOperations": "None", "comprehensiveIncomeNetOfTax": "None", "ebit": "None", "ebitda": "-52899", "netIncome": "-53163"}, {"fiscalDateEnding": "2002-06-30", "reportedCurrency": "None", "grossProfit": "3665", "totalRevenue": "3665", "costOfRevenue": "None", "costofGoodsAndServicesSold": "None", "operatingIncome": "-45670", "sellingGeneralAndAdministrative": "None", "researchAndDevelopment": "None", "operatingExpenses": "49335", "investmentIncomeNet": "None", "netInterestIncome": "None", "interestIncome": "None", "interestExpense": "None", "nonInterestIncome": "None", "otherNonOperatingIncome": "None", "depreciation": "None", "depreciationAndAmortization": "7405", "incomeBeforeTax": "-45670", "incomeTaxExpense": "313.88", "interestAndDebtExpense": "None", "netIncomeFromContinuingOperations": "None", "comprehensiveIncomeNetOfTax": "None", "ebit": "-250960", "ebitda": "-45671", "netIncome": "-45984"}, {"fiscalDateEnding": "2001-12-31", "reportedCurrency": "None", "grossProfit": "None", "totalRevenue": "None", "costOfRevenue": "None", "costofGoodsAndServicesSold": "None", "operatingIncome": "-319358", "sellingGeneralAndAdministrative": "None", "researchAndDevelopment": "None", "operatingExpenses": "319358", "investmentIncomeNet": "None", "netInterestIncome": "None", "interestIncome": "None", "interestExpense": "None", "nonInterestIncome": "None", "otherNonOperatingIncome": "None", "depreciation": "None", "depreciationAndAmortization": "4092", "incomeBeforeTax": "-319358", "incomeTaxExpense": "174736", "interestAndDebtExpense": "None", "netIncomeFromContinuingOperations": "None", "comprehensiveIncomeNetOfTax": "None", "ebit": "-319358", "ebitda": "-315266", "netIncome": "-494095"}, {"fiscalDateEnding": "2001-09-30", "reportedCurrency": "None", "grossProfit": "20752", "totalRevenue": "20752", "costOfRevenue": "None", "costofGoodsAndServicesSold": "None", "operatingIncome": "-53407", "sellingGeneralAndAdministrative": "None", "researchAndDevelopment": "None", "operatingExpenses": "74159", "investmentIncomeNet": "None", "netInterestIncome": "None", "interestIncome": "None", "interestExpense": "None", "nonInterestIncome": "None", "otherNonOperatingIncome": "None", "depreciation": "None", "depreciationAndAmortization": "5825", "incomeBeforeTax": "-53407", "incomeTaxExpense": "195.94", "interestAndDebtExpense": "None", "netIncomeFromContinuingOperations": "None", "comprehensiveIncomeNetOfTax": "None", "ebit": "-53406", "ebitda": "-47581", "netIncome": "-53603"}]}