{"symbol": "ATOS", "annualReports": [{"fiscalDateEnding": "2024-12-31", "reportedCurrency": "USD", "grossProfit": "-17000", "totalRevenue": "0", "costOfRevenue": "17000", "costofGoodsAndServicesSold": "17000", "operatingIncome": "-27621000", "sellingGeneralAndAdministrative": "13504000", "researchAndDevelopment": "14117000", "operatingExpenses": "27621000", "investmentIncomeNet": "None", "netInterestIncome": "4050000", "interestIncome": "4050000", "interestExpense": "None", "nonInterestIncome": "None", "otherNonOperatingIncome": "None", "depreciation": "None", "depreciationAndAmortization": "17000", "incomeBeforeTax": "-25504000", "incomeTaxExpense": "None", "interestAndDebtExpense": "None", "netIncomeFromContinuingOperations": "-25504000", "comprehensiveIncomeNetOfTax": "None", "ebit": "-27621000", "ebitda": "-27604000", "netIncome": "-25504000"}, {"fiscalDateEnding": "2023-12-31", "reportedCurrency": "USD", "grossProfit": "-23000", "totalRevenue": "0", "costOfRevenue": "23000", "costofGoodsAndServicesSold": "23000", "operatingIncome": "-31377000", "sellingGeneralAndAdministrative": "14043000", "researchAndDevelopment": "17334000", "operatingExpenses": "31377000", "investmentIncomeNet": "None", "netInterestIncome": "3777000", "interestIncome": "3777000", "interestExpense": "None", "nonInterestIncome": "None", "otherNonOperatingIncome": "None", "depreciation": "None", "depreciationAndAmortization": "23000", "incomeBeforeTax": "-30094000", "incomeTaxExpense": "None", "interestAndDebtExpense": "None", "netIncomeFromContinuingOperations": "-29831000", "comprehensiveIncomeNetOfTax": "None", "ebit": "-31377000", "ebitda": "-31354000", "netIncome": "-30094000"}, {"fiscalDateEnding": "2022-12-31", "reportedCurrency": "USD", "grossProfit": "-8000", "totalRevenue": "0", "costOfRevenue": "8000", "costofGoodsAndServicesSold": "8000", "operatingIncome": "-27691000", "sellingGeneralAndAdministrative": "12608000", "researchAndDevelopment": "15083000", "operatingExpenses": "27691000", "investmentIncomeNet": "None", "netInterestIncome": "877000", "interestIncome": "877000", "interestExpense": "8000", "nonInterestIncome": "None", "otherNonOperatingIncome": "731000", "depreciation": "None", "depreciationAndAmortization": "8000", "incomeBeforeTax": "-26960000", "incomeTaxExpense": "-731000", "interestAndDebtExpense": "None", "netIncomeFromContinuingOperations": "-26960000", "comprehensiveIncomeNetOfTax": "None", "ebit": "-27691000", "ebitda": "-27683000", "netIncome": "-26229000"}, {"fiscalDateEnding": "2021-12-31", "reportedCurrency": "USD", "grossProfit": "-23000", "totalRevenue": "0", "costOfRevenue": "23000", "costofGoodsAndServicesSold": "23000", "operatingIncome": "-20521000", "sellingGeneralAndAdministrative": "11311000", "researchAndDevelopment": "9210000", "operatingExpenses": "20521000", "investmentIncomeNet": "None", "netInterestIncome": "6000", "interestIncome": "6000", "interestExpense": "85000", "nonInterestIncome": "None", "otherNonOperatingIncome": "-85000", "depreciation": "None", "depreciationAndAmortization": "23000", "incomeBeforeTax": "-20606000", "incomeTaxExpense": "-213558", "interestAndDebtExpense": "None", "netIncomeFromContinuingOperations": "-20606000", "comprehensiveIncomeNetOfTax": "None", "ebit": "-20521000", "ebitda": "-20498000", "netIncome": "-20606000"}, {"fiscalDateEnding": "2020-12-31", "reportedCurrency": "USD", "grossProfit": "-46600", "totalRevenue": "0", "costOfRevenue": "46600", "costofGoodsAndServicesSold": "46600", "operatingIncome": "-14607000", "sellingGeneralAndAdministrative": "7999000", "researchAndDevelopment": "6608000", "operatingExpenses": "14607000", "investmentIncomeNet": "None", "netInterestIncome": "-938794", "interestIncome": "None", "interestExpense": "938794", "nonInterestIncome": "None", "otherNonOperatingIncome": "-2281766", "depreciation": "None", "depreciationAndAmortization": "47000", "incomeBeforeTax": "-17828000", "incomeTaxExpense": "3271361", "interestAndDebtExpense": "None", "netIncomeFromContinuingOperations": "-17827952", "comprehensiveIncomeNetOfTax": "None", "ebit": "-14607000", "ebitda": "-14560000", "netIncome": "-17828000"}, {"fiscalDateEnding": "2019-12-31", "reportedCurrency": "USD", "grossProfit": "-52789", "totalRevenue": "0", "costOfRevenue": "52789", "costofGoodsAndServicesSold": "52789", "operatingIncome": "-17265425", "sellingGeneralAndAdministrative": "10620008", "researchAndDevelopment": "7131967", "operatingExpenses": "17265425", "investmentIncomeNet": "None", "netInterestIncome": "0", "interestIncome": "None", "interestExpense": "0", "nonInterestIncome": "None", "otherNonOperatingIncome": "25648", "depreciation": "None", "depreciationAndAmortization": "52789", "incomeBeforeTax": "-17239777", "incomeTaxExpense": "-119071", "interestAndDebtExpense": "None", "netIncomeFromContinuingOperations": "-17239777", "comprehensiveIncomeNetOfTax": "None", "ebit": "-17265425", "ebitda": "-17212636", "netIncome": "-17239777"}, {"fiscalDateEnding": "2018-12-31", "reportedCurrency": "USD", "grossProfit": "-44197", "totalRevenue": "0", "costOfRevenue": "44197", "costofGoodsAndServicesSold": "44197", "operatingIncome": "-11434233", "sellingGeneralAndAdministrative": "7224252", "researchAndDevelopment": "4209981", "operatingExpenses": "11434233", "investmentIncomeNet": "None", "netInterestIncome": "None", "interestIncome": "None", "interestExpense": "0", "nonInterestIncome": "None", "otherNonOperatingIncome": "29299", "depreciation": "None", "depreciationAndAmortization": "44197", "incomeBeforeTax": "-11404934", "incomeTaxExpense": "-29299", "interestAndDebtExpense": "None", "netIncomeFromContinuingOperations": "-11404934", "comprehensiveIncomeNetOfTax": "None", "ebit": "-11434233", "ebitda": "-11390036", "netIncome": "-11404934"}, {"fiscalDateEnding": "2017-12-31", "reportedCurrency": "USD", "grossProfit": "-128994", "totalRevenue": "0", "costOfRevenue": "128994", "costofGoodsAndServicesSold": "128994", "operatingIncome": "-7187456", "sellingGeneralAndAdministrative": "4859369", "researchAndDevelopment": "2328087", "operatingExpenses": "7058462", "investmentIncomeNet": "None", "netInterestIncome": "-192817", "interestIncome": "150", "interestExpense": "192817", "nonInterestIncome": "None", "otherNonOperatingIncome": "154", "depreciation": "None", "depreciationAndAmortization": "128994", "incomeBeforeTax": "-8122581", "incomeTaxExpense": "742462", "interestAndDebtExpense": "None", "netIncomeFromContinuingOperations": "-8122581", "comprehensiveIncomeNetOfTax": "None", "ebit": "-7929768", "ebitda": "-7800774", "netIncome": "-8122581"}, {"fiscalDateEnding": "2016-12-31", "reportedCurrency": "USD", "grossProfit": "-303482", "totalRevenue": "0", "costOfRevenue": "303482", "costofGoodsAndServicesSold": "303482", "operatingIncome": "-7249620", "sellingGeneralAndAdministrative": "6479193", "researchAndDevelopment": "770427", "operatingExpenses": "6946138", "investmentIncomeNet": "None", "netInterestIncome": "None", "interestIncome": "1599710", "interestExpense": "0", "nonInterestIncome": "None", "otherNonOperatingIncome": "1599705", "depreciation": "None", "depreciationAndAmortization": "303482", "incomeBeforeTax": "-6368885", "incomeTaxExpense": "-1761470", "interestAndDebtExpense": "None", "netIncomeFromContinuingOperations": "-6368885", "comprehensiveIncomeNetOfTax": "None", "ebit": "-6368889", "ebitda": "-6065407", "netIncome": "-6368885"}, {"fiscalDateEnding": "2015-12-31", "reportedCurrency": "USD", "grossProfit": "-130653", "totalRevenue": "1758", "costOfRevenue": "132411", "costofGoodsAndServicesSold": "132411", "operatingIncome": "-12758618", "sellingGeneralAndAdministrative": "8846963", "researchAndDevelopment": "2359593", "operatingExpenses": "12627965", "investmentIncomeNet": "None", "netInterestIncome": "None", "interestIncome": "430", "interestExpense": "0", "nonInterestIncome": "None", "otherNonOperatingIncome": "431", "depreciation": "None", "depreciationAndAmortization": "272627", "incomeBeforeTax": "-12758187", "incomeTaxExpense": "3001274", "interestAndDebtExpense": "None", "netIncomeFromContinuingOperations": "-12758187", "comprehensiveIncomeNetOfTax": "None", "ebit": "-12758618", "ebitda": "-12485991", "netIncome": "-15760323"}, {"fiscalDateEnding": "2014-12-31", "reportedCurrency": "USD", "grossProfit": "40138", "totalRevenue": "40138", "costOfRevenue": "340658", "costofGoodsAndServicesSold": "340658", "operatingIncome": "-12171028", "sellingGeneralAndAdministrative": "8625917", "researchAndDevelopment": "2577465", "operatingExpenses": "12211166", "investmentIncomeNet": "None", "netInterestIncome": "None", "interestIncome": "None", "interestExpense": "15769", "nonInterestIncome": "None", "otherNonOperatingIncome": "260", "depreciation": "None", "depreciationAndAmortization": "469125", "incomeBeforeTax": "-12170768", "incomeTaxExpense": "2352626", "interestAndDebtExpense": "None", "netIncomeFromContinuingOperations": "-14657926", "comprehensiveIncomeNetOfTax": "None", "ebit": "-9818402", "ebitda": "-9349277", "netIncome": "-14657926"}, {"fiscalDateEnding": "2013-12-31", "reportedCurrency": "USD", "grossProfit": "137093", "totalRevenue": "632558", "costOfRevenue": "495465", "costofGoodsAndServicesSold": "495465", "operatingIncome": "-10784643", "sellingGeneralAndAdministrative": "8558835", "researchAndDevelopment": "1105110", "operatingExpenses": "10921736", "investmentIncomeNet": "None", "netInterestIncome": "None", "interestIncome": "None", "interestExpense": "360", "nonInterestIncome": "None", "otherNonOperatingIncome": "295", "depreciation": "None", "depreciationAndAmortization": "472934", "incomeBeforeTax": "-10784708", "incomeTaxExpense": "65", "interestAndDebtExpense": "None", "netIncomeFromContinuingOperations": "-10784708", "comprehensiveIncomeNetOfTax": "None", "ebit": "-10784348", "ebitda": "-10311414", "netIncome": "-10784708"}, {"fiscalDateEnding": "2012-12-31", "reportedCurrency": "USD", "grossProfit": "416213", "totalRevenue": "481842", "costOfRevenue": "65629", "costofGoodsAndServicesSold": "65629", "operatingIncome": "-5069030", "sellingGeneralAndAdministrative": "5018422", "researchAndDevelopment": "1974", "operatingExpenses": "5485243", "investmentIncomeNet": "None", "netInterestIncome": "None", "interestIncome": "None", "interestExpense": "12040", "nonInterestIncome": "None", "otherNonOperatingIncome": "1219", "depreciation": "None", "depreciationAndAmortization": "130552", "incomeBeforeTax": "-5079851", "incomeTaxExpense": "10821", "interestAndDebtExpense": "None", "netIncomeFromContinuingOperations": "-5079851", "comprehensiveIncomeNetOfTax": "None", "ebit": "-5067811", "ebitda": "-4937259", "netIncome": "-5079851"}, {"fiscalDateEnding": "2011-12-31", "reportedCurrency": "USD", "grossProfit": "-95690", "totalRevenue": "1500", "costOfRevenue": "97190", "costofGoodsAndServicesSold": "97190", "operatingIncome": "-3429190", "sellingGeneralAndAdministrative": "3172649", "researchAndDevelopment": "None", "operatingExpenses": "3333500", "investmentIncomeNet": "None", "netInterestIncome": "None", "interestIncome": "None", "interestExpense": "17992", "nonInterestIncome": "None", "otherNonOperatingIncome": "None", "depreciation": "None", "depreciationAndAmortization": "15623", "incomeBeforeTax": "-3442269", "incomeTaxExpense": "13079", "interestAndDebtExpense": "None", "netIncomeFromContinuingOperations": "None", "comprehensiveIncomeNetOfTax": "None", "ebit": "-3424276", "ebitda": "-3408653", "netIncome": "-3442269"}, {"fiscalDateEnding": "2010-12-31", "reportedCurrency": "USD", "grossProfit": "None", "totalRevenue": "None", "costOfRevenue": "None", "costofGoodsAndServicesSold": "None", "operatingIncome": "-1077996", "sellingGeneralAndAdministrative": "882158", "researchAndDevelopment": "119996", "operatingExpenses": "1077996", "investmentIncomeNet": "None", "netInterestIncome": "None", "interestIncome": "None", "interestExpense": "9139", "nonInterestIncome": "None", "otherNonOperatingIncome": "None", "depreciation": "None", "depreciationAndAmortization": "455", "incomeBeforeTax": "-1086680", "incomeTaxExpense": "250", "interestAndDebtExpense": "None", "netIncomeFromContinuingOperations": "None", "comprehensiveIncomeNetOfTax": "None", "ebit": "-1087135", "ebitda": "-1086680", "netIncome": "-1086930"}, {"fiscalDateEnding": "2009-12-31", "reportedCurrency": "None", "grossProfit": "None", "totalRevenue": "None", "costOfRevenue": "None", "costofGoodsAndServicesSold": "None", "operatingIncome": "-122857", "sellingGeneralAndAdministrative": "None", "researchAndDevelopment": "21250", "operatingExpenses": "122857", "investmentIncomeNet": "None", "netInterestIncome": "None", "interestIncome": "None", "interestExpense": "None", "nonInterestIncome": "None", "otherNonOperatingIncome": "None", "depreciation": "None", "depreciationAndAmortization": "None", "incomeBeforeTax": "-122857", "incomeTaxExpense": "None", "interestAndDebtExpense": "None", "netIncomeFromContinuingOperations": "None", "comprehensiveIncomeNetOfTax": "None", "ebit": "None", "ebitda": "-122857", "netIncome": "-122857"}], "quarterlyReports": [{"fiscalDateEnding": "2025-09-30", "reportedCurrency": "USD", "grossProfit": "-4000", "totalRevenue": "0", "costOfRevenue": "4000", "costofGoodsAndServicesSold": "4000", "operatingIncome": "-9251000", "sellingGeneralAndAdministrative": "3881000", "researchAndDevelopment": "5370000", "operatingExpenses": "9247000", "investmentIncomeNet": "None", "netInterestIncome": "570000", "interestIncome": "570000", "interestExpense": "None", "nonInterestIncome": "None", "otherNonOperatingIncome": "None", "depreciation": "None", "depreciationAndAmortization": "4000", "incomeBeforeTax": "-8692000", "incomeTaxExpense": "None", "interestAndDebtExpense": "None", "netIncomeFromContinuingOperations": "-8692000", "comprehensiveIncomeNetOfTax": "None", "ebit": "-8692000", "ebitda": "-8688000", "netIncome": "-8692000"}, {"fiscalDateEnding": "2025-06-30", "reportedCurrency": "USD", "grossProfit": "-4000", "totalRevenue": "0", "costOfRevenue": "4000", "costofGoodsAndServicesSold": "4000", "operatingIncome": "-9040000", "sellingGeneralAndAdministrative": "3538000", "researchAndDevelopment": "5502000", "operatingExpenses": "9040000", "investmentIncomeNet": "None", "netInterestIncome": "645000", "interestIncome": "645000", "interestExpense": "None", "nonInterestIncome": "None", "otherNonOperatingIncome": "None", "depreciation": "None", "depreciationAndAmortization": "4000", "incomeBeforeTax": "-8423000", "incomeTaxExpense": "None", "interestAndDebtExpense": "None", "netIncomeFromContinuingOperations": "-8423000", "comprehensiveIncomeNetOfTax": "None", "ebit": "-9040000", "ebitda": "-9036000", "netIncome": "-8423000"}, {"fiscalDateEnding": "2025-03-31", "reportedCurrency": "USD", "grossProfit": "-4000", "totalRevenue": "0", "costOfRevenue": "4000", "costofGoodsAndServicesSold": "4000", "operatingIncome": "-7414000", "sellingGeneralAndAdministrative": "3257000", "researchAndDevelopment": "4157000", "operatingExpenses": "7414000", "investmentIncomeNet": "None", "netInterestIncome": "720000", "interestIncome": "720000", "interestExpense": "None", "nonInterestIncome": "None", "otherNonOperatingIncome": "None", "depreciation": "None", "depreciationAndAmortization": "4000", "incomeBeforeTax": "-6718000", "incomeTaxExpense": "None", "interestAndDebtExpense": "None", "netIncomeFromContinuingOperations": "-6718000", "comprehensiveIncomeNetOfTax": "None", "ebit": "-7414000", "ebitda": "-7410000", "netIncome": "-6718000"}, {"fiscalDateEnding": "2024-12-31", "reportedCurrency": "USD", "grossProfit": "-4000", "totalRevenue": "0", "costOfRevenue": "4000", "costofGoodsAndServicesSold": "4000", "operatingIncome": "-7151000", "sellingGeneralAndAdministrative": "3748000", "researchAndDevelopment": "3403000", "operatingExpenses": "7147000", "investmentIncomeNet": "None", "netInterestIncome": "837000", "interestIncome": "837000", "interestExpense": "None", "nonInterestIncome": "None", "otherNonOperatingIncome": "None", "depreciation": "None", "depreciationAndAmortization": "4000", "incomeBeforeTax": "-6347000", "incomeTaxExpense": "None", "interestAndDebtExpense": "None", "netIncomeFromContinuingOperations": "-6347000", "comprehensiveIncomeNetOfTax": "None", "ebit": "-7151000", "ebitda": "-7147000", "netIncome": "-6347000"}, {"fiscalDateEnding": "2024-09-30", "reportedCurrency": "USD", "grossProfit": "-4000", "totalRevenue": "0", "costOfRevenue": "4000", "costofGoodsAndServicesSold": "4000", "operatingIncome": "-6385000", "sellingGeneralAndAdministrative": "2973000", "researchAndDevelopment": "3412000", "operatingExpenses": "6385000", "investmentIncomeNet": "None", "netInterestIncome": "1001000", "interestIncome": "1001000", "interestExpense": "None", "nonInterestIncome": "None", "otherNonOperatingIncome": "None", "depreciation": "None", "depreciationAndAmortization": "4000", "incomeBeforeTax": "-7230000", "incomeTaxExpense": "-7230000", "interestAndDebtExpense": "None", "netIncomeFromContinuingOperations": "-7230000", "comprehensiveIncomeNetOfTax": "None", "ebit": "-6385000", "ebitda": "-6381000", "netIncome": "-7230000"}, {"fiscalDateEnding": "2024-06-30", "reportedCurrency": "USD", "grossProfit": "-4000", "totalRevenue": "0", "costOfRevenue": "4000", "costofGoodsAndServicesSold": "4000", "operatingIncome": "-7105000", "sellingGeneralAndAdministrative": "3552000", "researchAndDevelopment": "3553000", "operatingExpenses": "7105000", "investmentIncomeNet": "None", "netInterestIncome": "1073000", "interestIncome": "1073000", "interestExpense": "None", "nonInterestIncome": "None", "otherNonOperatingIncome": "None", "depreciation": "None", "depreciationAndAmortization": "4000", "incomeBeforeTax": "-6049000", "incomeTaxExpense": "None", "interestAndDebtExpense": "None", "netIncomeFromContinuingOperations": "-6049000", "comprehensiveIncomeNetOfTax": "None", "ebit": "-7105000", "ebitda": "-7101000", "netIncome": "-6049000"}, {"fiscalDateEnding": "2024-03-31", "reportedCurrency": "USD", "grossProfit": "-5000", "totalRevenue": "18000", "costOfRevenue": "5000", "costofGoodsAndServicesSold": "5000", "operatingIncome": "-6980000", "sellingGeneralAndAdministrative": "3232000", "researchAndDevelopment": "3748000", "operatingExpenses": "6975000", "investmentIncomeNet": "None", "netInterestIncome": "1138000", "interestIncome": "1138000", "interestExpense": "820000", "nonInterestIncome": "None", "otherNonOperatingIncome": "None", "depreciation": "None", "depreciationAndAmortization": "5000", "incomeBeforeTax": "-5878000", "incomeTaxExpense": "87000", "interestAndDebtExpense": "None", "netIncomeFromContinuingOperations": "-5878000", "comprehensiveIncomeNetOfTax": "None", "ebit": "-6980000", "ebitda": "-6975000", "netIncome": "-5878000"}, {"fiscalDateEnding": "2023-12-31", "reportedCurrency": "None", "grossProfit": "-14000", "totalRevenue": "None", "costOfRevenue": "14000", "costofGoodsAndServicesSold": "14000", "operatingIncome": "-9019000", "sellingGeneralAndAdministrative": "3365000", "researchAndDevelopment": "5654000", "operatingExpenses": "9005000", "investmentIncomeNet": "None", "netInterestIncome": "None", "interestIncome": "None", "interestExpense": "None", "nonInterestIncome": "None", "otherNonOperatingIncome": "None", "depreciation": "None", "depreciationAndAmortization": "14000", "incomeBeforeTax": "-7754000", "incomeTaxExpense": "None", "interestAndDebtExpense": "None", "netIncomeFromContinuingOperations": "None", "comprehensiveIncomeNetOfTax": "None", "ebit": "-9019000", "ebitda": "-9005000", "netIncome": "-7754000"}, {"fiscalDateEnding": "2023-09-30", "reportedCurrency": "USD", "grossProfit": "-3000", "totalRevenue": "0", "costOfRevenue": "3000", "costofGoodsAndServicesSold": "3000", "operatingIncome": "-7468000", "sellingGeneralAndAdministrative": "3001000", "researchAndDevelopment": "4467000", "operatingExpenses": "7468000", "investmentIncomeNet": "None", "netInterestIncome": "1274000", "interestIncome": "1274000", "interestExpense": "None", "nonInterestIncome": "None", "otherNonOperatingIncome": "None", "depreciation": "None", "depreciationAndAmortization": "3000", "incomeBeforeTax": "-6229000", "incomeTaxExpense": "-1274000", "interestAndDebtExpense": "None", "netIncomeFromContinuingOperations": "-6229000", "comprehensiveIncomeNetOfTax": "None", "ebit": "-7468000", "ebitda": "-7465000", "netIncome": "-6229000"}, {"fiscalDateEnding": "2023-06-30", "reportedCurrency": "USD", "grossProfit": "-3000", "totalRevenue": "0", "costOfRevenue": "3000", "costofGoodsAndServicesSold": "3000", "operatingIncome": "-7793000", "sellingGeneralAndAdministrative": "4088000", "researchAndDevelopment": "3705000", "operatingExpenses": "7793000", "investmentIncomeNet": "None", "netInterestIncome": "983000", "interestIncome": "983000", "interestExpense": "None", "nonInterestIncome": "None", "otherNonOperatingIncome": "953000", "depreciation": "None", "depreciationAndAmortization": "3000", "incomeBeforeTax": "-9830000", "incomeTaxExpense": "2007000", "interestAndDebtExpense": "None", "netIncomeFromContinuingOperations": "-9830000", "comprehensiveIncomeNetOfTax": "None", "ebit": "-7793000", "ebitda": "-7790000", "netIncome": "-9830000"}, {"fiscalDateEnding": "2023-03-31", "reportedCurrency": "USD", "grossProfit": "-3000", "totalRevenue": "0", "costOfRevenue": "3000", "costofGoodsAndServicesSold": "3000", "operatingIncome": "-7098000", "sellingGeneralAndAdministrative": "3590000", "researchAndDevelopment": "3508000", "operatingExpenses": "7098000", "investmentIncomeNet": "None", "netInterestIncome": "850000", "interestIncome": "850000", "interestExpense": "820000", "nonInterestIncome": "None", "otherNonOperatingIncome": "817000", "depreciation": "None", "depreciationAndAmortization": "3000", "incomeBeforeTax": "-6281000", "incomeTaxExpense": "-820000", "interestAndDebtExpense": "None", "netIncomeFromContinuingOperations": "-6281000", "comprehensiveIncomeNetOfTax": "None", "ebit": "-7098000", "ebitda": "-7095000", "netIncome": "-6281000"}, {"fiscalDateEnding": "2022-12-31", "reportedCurrency": "USD", "grossProfit": "-2000", "totalRevenue": "0", "costOfRevenue": "2000", "costofGoodsAndServicesSold": "2000", "operatingIncome": "-8138000", "sellingGeneralAndAdministrative": "3152000", "researchAndDevelopment": "4223000", "operatingExpenses": "8138000", "investmentIncomeNet": "None", "netInterestIncome": "670000", "interestIncome": "670000", "interestExpense": "647000", "nonInterestIncome": "None", "otherNonOperatingIncome": "653000", "depreciation": "None", "depreciationAndAmortization": "2000", "incomeBeforeTax": "-7491000", "incomeTaxExpense": "-647000", "interestAndDebtExpense": "None", "netIncomeFromContinuingOperations": "-7491000", "comprehensiveIncomeNetOfTax": "None", "ebit": "-8138000", "ebitda": "-8136000", "netIncome": "-7491000"}, {"fiscalDateEnding": "2022-09-30", "reportedCurrency": "USD", "grossProfit": "-2000", "totalRevenue": "0", "costOfRevenue": "2000", "costofGoodsAndServicesSold": "2000", "operatingIncome": "-8205000", "sellingGeneralAndAdministrative": "3045000", "researchAndDevelopment": "5160000", "operatingExpenses": "8205000", "investmentIncomeNet": "None", "netInterestIncome": "194000", "interestIncome": "194000", "interestExpense": "2000", "nonInterestIncome": "None", "otherNonOperatingIncome": "194000", "depreciation": "None", "depreciationAndAmortization": "2000", "incomeBeforeTax": "-8011000", "incomeTaxExpense": "-194000", "interestAndDebtExpense": "None", "netIncomeFromContinuingOperations": "-8011000", "comprehensiveIncomeNetOfTax": "None", "ebit": "-8205000", "ebitda": "-8203000", "netIncome": "-8011000"}, {"fiscalDateEnding": "2022-06-30", "reportedCurrency": "USD", "grossProfit": "-2000", "totalRevenue": "0", "costOfRevenue": "2000", "costofGoodsAndServicesSold": "2000", "operatingIncome": "-6595000", "sellingGeneralAndAdministrative": "3162000", "researchAndDevelopment": "3433000", "operatingExpenses": "6595000", "investmentIncomeNet": "None", "netInterestIncome": "None", "interestIncome": "None", "interestExpense": "77000", "nonInterestIncome": "None", "otherNonOperatingIncome": "-77000", "depreciation": "None", "depreciationAndAmortization": "2000", "incomeBeforeTax": "-6672000", "incomeTaxExpense": "77000", "interestAndDebtExpense": "None", "netIncomeFromContinuingOperations": "-6672000", "comprehensiveIncomeNetOfTax": "None", "ebit": "-6595000", "ebitda": "-6593000", "netIncome": "-6672000"}, {"fiscalDateEnding": "2022-03-31", "reportedCurrency": "USD", "grossProfit": "-2000", "totalRevenue": "0", "costOfRevenue": "2000", "costofGoodsAndServicesSold": "2000", "operatingIncome": "-4747000", "sellingGeneralAndAdministrative": "3248000", "researchAndDevelopment": "1499000", "operatingExpenses": "4747000", "investmentIncomeNet": "None", "netInterestIncome": "None", "interestIncome": "None", "interestExpense": "39000", "nonInterestIncome": "None", "otherNonOperatingIncome": "-39000", "depreciation": "None", "depreciationAndAmortization": "2000", "incomeBeforeTax": "-4786000", "incomeTaxExpense": "39000", "interestAndDebtExpense": "None", "netIncomeFromContinuingOperations": "-4786000", "comprehensiveIncomeNetOfTax": "None", "ebit": "-4747000", "ebitda": "-4745000", "netIncome": "-4786000"}, {"fiscalDateEnding": "2021-12-31", "reportedCurrency": "USD", "grossProfit": "-1735", "totalRevenue": "0", "costOfRevenue": "1735", "costofGoodsAndServicesSold": "1735", "operatingIncome": "-4828000", "sellingGeneralAndAdministrative": "3001000", "researchAndDevelopment": "1877000", "operatingExpenses": "4828000", "investmentIncomeNet": "None", "netInterestIncome": "None", "interestIncome": "None", "interestExpense": "3626", "nonInterestIncome": "None", "otherNonOperatingIncome": "-3626", "depreciation": "None", "depreciationAndAmortization": "2000", "incomeBeforeTax": "-4832000", "incomeTaxExpense": "3626", "interestAndDebtExpense": "None", "netIncomeFromContinuingOperations": "-4831538", "comprehensiveIncomeNetOfTax": "None", "ebit": "-4828000", "ebitda": "-4826000", "netIncome": "-4832000"}, {"fiscalDateEnding": "2021-09-30", "reportedCurrency": "USD", "grossProfit": "-6217", "totalRevenue": "0", "costOfRevenue": "6217", "costofGoodsAndServicesSold": "6217", "operatingIncome": "-5158000", "sellingGeneralAndAdministrative": "2952000", "researchAndDevelopment": "2383000", "operatingExpenses": "5158000", "investmentIncomeNet": "None", "netInterestIncome": "None", "interestIncome": "None", "interestExpense": "None", "nonInterestIncome": "None", "otherNonOperatingIncome": "-38551", "depreciation": "None", "depreciationAndAmortization": "6000", "incomeBeforeTax": "-5197000", "incomeTaxExpense": "38551", "interestAndDebtExpense": "None", "netIncomeFromContinuingOperations": "-5197145", "comprehensiveIncomeNetOfTax": "None", "ebit": "-5158000", "ebitda": "-5152000", "netIncome": "-5197000"}, {"fiscalDateEnding": "2021-06-30", "reportedCurrency": "USD", "grossProfit": "-5793", "totalRevenue": "0", "costOfRevenue": "5793", "costofGoodsAndServicesSold": "5793", "operatingIncome": "-7004000", "sellingGeneralAndAdministrative": "3205000", "researchAndDevelopment": "3908000", "operatingExpenses": "7004000", "investmentIncomeNet": "None", "netInterestIncome": "None", "interestIncome": "None", "interestExpense": "None", "nonInterestIncome": "None", "otherNonOperatingIncome": "-35482", "depreciation": "None", "depreciationAndAmortization": "6000", "incomeBeforeTax": "-7039000", "incomeTaxExpense": "35482", "interestAndDebtExpense": "None", "netIncomeFromContinuingOperations": "-7039248", "comprehensiveIncomeNetOfTax": "None", "ebit": "-7004000", "ebitda": "-6998000", "netIncome": "-7039000"}, {"fiscalDateEnding": "2021-03-31", "reportedCurrency": "USD", "grossProfit": "-9255", "totalRevenue": "0", "costOfRevenue": "9255", "costofGoodsAndServicesSold": "9255", "operatingIncome": "-3531000", "sellingGeneralAndAdministrative": "2152000", "researchAndDevelopment": "1486000", "operatingExpenses": "3531000", "investmentIncomeNet": "None", "netInterestIncome": "None", "interestIncome": "None", "interestExpense": "None", "nonInterestIncome": "None", "otherNonOperatingIncome": "-7341", "depreciation": "None", "depreciationAndAmortization": "9000", "incomeBeforeTax": "-3538000", "incomeTaxExpense": "7341", "interestAndDebtExpense": "None", "netIncomeFromContinuingOperations": "-3538069", "comprehensiveIncomeNetOfTax": "None", "ebit": "-3531000", "ebitda": "-3522000", "netIncome": "-3538000"}, {"fiscalDateEnding": "2020-12-31", "reportedCurrency": "USD", "grossProfit": "-9255", "totalRevenue": "0", "costOfRevenue": "9255", "costofGoodsAndServicesSold": "9255", "operatingIncome": "-4225368", "sellingGeneralAndAdministrative": "1868302", "researchAndDevelopment": "2357066", "operatingExpenses": "4225368", "investmentIncomeNet": "None", "netInterestIncome": "None", "interestIncome": "None", "interestExpense": "None", "nonInterestIncome": "None", "otherNonOperatingIncome": "-2318765", "depreciation": "None", "depreciationAndAmortization": "9735", "incomeBeforeTax": "-7483367", "incomeTaxExpense": "3257559", "interestAndDebtExpense": "None", "netIncomeFromContinuingOperations": "-7483319", "comprehensiveIncomeNetOfTax": "None", "ebit": "-4225368", "ebitda": "-4215633", "netIncome": "-7483367"}, {"fiscalDateEnding": "2020-09-30", "reportedCurrency": "USD", "grossProfit": "-12554", "totalRevenue": "0", "costOfRevenue": "12554", "costofGoodsAndServicesSold": "12554", "operatingIncome": "-3508816", "sellingGeneralAndAdministrative": "1849741", "researchAndDevelopment": "1659075", "operatingExpenses": "3508816", "investmentIncomeNet": "None", "netInterestIncome": "None", "interestIncome": "None", "interestExpense": "None", "nonInterestIncome": "None", "otherNonOperatingIncome": "17745", "depreciation": "None", "depreciationAndAmortization": "12554", "incomeBeforeTax": "-3491071", "incomeTaxExpense": "-17745", "interestAndDebtExpense": "None", "netIncomeFromContinuingOperations": "-3491071", "comprehensiveIncomeNetOfTax": "None", "ebit": "-3508816", "ebitda": "-3496262", "netIncome": "-3491071"}, {"fiscalDateEnding": "2020-06-30", "reportedCurrency": "USD", "grossProfit": "-12385", "totalRevenue": "0", "costOfRevenue": "12385", "costofGoodsAndServicesSold": "12385", "operatingIncome": "-3935807", "sellingGeneralAndAdministrative": "2282568", "researchAndDevelopment": "1653239", "operatingExpenses": "3935807", "investmentIncomeNet": "None", "netInterestIncome": "None", "interestIncome": "None", "interestExpense": "None", "nonInterestIncome": "None", "otherNonOperatingIncome": "29665", "depreciation": "None", "depreciationAndAmortization": "12385", "incomeBeforeTax": "-3906142", "incomeTaxExpense": "-29665", "interestAndDebtExpense": "None", "netIncomeFromContinuingOperations": "-3906142", "comprehensiveIncomeNetOfTax": "None", "ebit": "-3935807", "ebitda": "-3923422", "netIncome": "-3906142"}, {"fiscalDateEnding": "2020-03-31", "reportedCurrency": "USD", "grossProfit": "-12326", "totalRevenue": "0", "costOfRevenue": "12326", "costofGoodsAndServicesSold": "12326", "operatingIncome": "-2937009", "sellingGeneralAndAdministrative": "1998389", "researchAndDevelopment": "938620", "operatingExpenses": "2937009", "investmentIncomeNet": "None", "netInterestIncome": "None", "interestIncome": "None", "interestExpense": "None", "nonInterestIncome": "None", "otherNonOperatingIncome": "-10411", "depreciation": "None", "depreciationAndAmortization": "12326", "incomeBeforeTax": "-2947420", "incomeTaxExpense": "10411", "interestAndDebtExpense": "None", "netIncomeFromContinuingOperations": "-2947420", "comprehensiveIncomeNetOfTax": "None", "ebit": "-2937009", "ebitda": "-2924683", "netIncome": "-2947420"}, {"fiscalDateEnding": "2019-12-31", "reportedCurrency": "USD", "grossProfit": "-12500", "totalRevenue": "0", "costOfRevenue": "12500", "costofGoodsAndServicesSold": "12500", "operatingIncome": "-2616829", "sellingGeneralAndAdministrative": "1718811", "researchAndDevelopment": "986568", "operatingExpenses": "2616829", "investmentIncomeNet": "None", "netInterestIncome": "None", "interestIncome": "None", "interestExpense": "None", "nonInterestIncome": "None", "otherNonOperatingIncome": "-1198", "depreciation": "None", "depreciationAndAmortization": "12500", "incomeBeforeTax": "-2618027", "incomeTaxExpense": "1198", "interestAndDebtExpense": "None", "netIncomeFromContinuingOperations": "-2618027", "comprehensiveIncomeNetOfTax": "None", "ebit": "-2616829", "ebitda": "-2604329", "netIncome": "-2618027"}, {"fiscalDateEnding": "2019-09-30", "reportedCurrency": "USD", "grossProfit": "-12740", "totalRevenue": "0", "costOfRevenue": "12740", "costofGoodsAndServicesSold": "12740", "operatingIncome": "-3298198", "sellingGeneralAndAdministrative": "1613983", "researchAndDevelopment": "1684215", "operatingExpenses": "3298198", "investmentIncomeNet": "None", "netInterestIncome": "None", "interestIncome": "None", "interestExpense": "None", "nonInterestIncome": "None", "otherNonOperatingIncome": "12284", "depreciation": "None", "depreciationAndAmortization": "12740", "incomeBeforeTax": "-3285914", "incomeTaxExpense": "-12284", "interestAndDebtExpense": "None", "netIncomeFromContinuingOperations": "-3285914", "comprehensiveIncomeNetOfTax": "None", "ebit": "-3298198", "ebitda": "-3285458", "netIncome": "-3285914"}, {"fiscalDateEnding": "2019-06-30", "reportedCurrency": "USD", "grossProfit": "-13566", "totalRevenue": "0", "costOfRevenue": "13566", "costofGoodsAndServicesSold": "13566", "operatingIncome": "-7286069", "sellingGeneralAndAdministrative": "4674121", "researchAndDevelopment": "2611948", "operatingExpenses": "7286069", "investmentIncomeNet": "None", "netInterestIncome": "None", "interestIncome": "None", "interestExpense": "None", "nonInterestIncome": "None", "otherNonOperatingIncome": "23540", "depreciation": "None", "depreciationAndAmortization": "13566", "incomeBeforeTax": "-7262529", "incomeTaxExpense": "-23540", "interestAndDebtExpense": "None", "netIncomeFromContinuingOperations": "-7262529", "comprehensiveIncomeNetOfTax": "None", "ebit": "-7286069", "ebitda": "-7272503", "netIncome": "-7262529"}, {"fiscalDateEnding": "2019-03-31", "reportedCurrency": "USD", "grossProfit": "-13983", "totalRevenue": "0", "costOfRevenue": "13983", "costofGoodsAndServicesSold": "13983", "operatingIncome": "-4064329", "sellingGeneralAndAdministrative": "2613093", "researchAndDevelopment": "1451236", "operatingExpenses": "4064329", "investmentIncomeNet": "None", "netInterestIncome": "None", "interestIncome": "None", "interestExpense": "None", "nonInterestIncome": "None", "otherNonOperatingIncome": "-8978", "depreciation": "None", "depreciationAndAmortization": "13983", "incomeBeforeTax": "-4073307", "incomeTaxExpense": "8978", "interestAndDebtExpense": "None", "netIncomeFromContinuingOperations": "-4073307", "comprehensiveIncomeNetOfTax": "None", "ebit": "-4064329", "ebitda": "-4050346", "netIncome": "-4073307"}, {"fiscalDateEnding": "2018-12-31", "reportedCurrency": "USD", "grossProfit": "-15507", "totalRevenue": "0", "costOfRevenue": "15507", "costofGoodsAndServicesSold": "15507", "operatingIncome": "-2107166", "sellingGeneralAndAdministrative": "1257748", "researchAndDevelopment": "849418", "operatingExpenses": "2107166", "investmentIncomeNet": "None", "netInterestIncome": "None", "interestIncome": "None", "interestExpense": "0", "nonInterestIncome": "None", "otherNonOperatingIncome": "29057", "depreciation": "None", "depreciationAndAmortization": "15507", "incomeBeforeTax": "-2078109", "incomeTaxExpense": "-29057", "interestAndDebtExpense": "None", "netIncomeFromContinuingOperations": "-2078109", "comprehensiveIncomeNetOfTax": "None", "ebit": "-2107166", "ebitda": "-2091659", "netIncome": "-2078109"}, {"fiscalDateEnding": "2018-09-30", "reportedCurrency": "USD", "grossProfit": "-10852", "totalRevenue": "0", "costOfRevenue": "10852", "costofGoodsAndServicesSold": "10852", "operatingIncome": "-3309970", "sellingGeneralAndAdministrative": "1888119", "researchAndDevelopment": "1421851", "operatingExpenses": "3309970", "investmentIncomeNet": "None", "netInterestIncome": "None", "interestIncome": "None", "interestExpense": "0", "nonInterestIncome": "None", "otherNonOperatingIncome": "104", "depreciation": "None", "depreciationAndAmortization": "10852", "incomeBeforeTax": "-3309866", "incomeTaxExpense": "-104", "interestAndDebtExpense": "None", "netIncomeFromContinuingOperations": "-3309866", "comprehensiveIncomeNetOfTax": "None", "ebit": "-3309970", "ebitda": "-3299118", "netIncome": "-3309866"}, {"fiscalDateEnding": "2018-06-30", "reportedCurrency": "USD", "grossProfit": "-9974", "totalRevenue": "0", "costOfRevenue": "9974", "costofGoodsAndServicesSold": "9974", "operatingIncome": "-4142656", "sellingGeneralAndAdministrative": "2674920", "researchAndDevelopment": "1467736", "operatingExpenses": "4142656", "investmentIncomeNet": "None", "netInterestIncome": "None", "interestIncome": "None", "interestExpense": "0", "nonInterestIncome": "None", "otherNonOperatingIncome": "79", "depreciation": "None", "depreciationAndAmortization": "9974", "incomeBeforeTax": "-4142577", "incomeTaxExpense": "-79", "interestAndDebtExpense": "None", "netIncomeFromContinuingOperations": "-4142577", "comprehensiveIncomeNetOfTax": "None", "ebit": "-4142656", "ebitda": "-4132682", "netIncome": "-4142577"}, {"fiscalDateEnding": "2018-03-31", "reportedCurrency": "USD", "grossProfit": "-7863", "totalRevenue": "0", "costOfRevenue": "7863", "costofGoodsAndServicesSold": "7863", "operatingIncome": "-1874441", "sellingGeneralAndAdministrative": "1403465", "researchAndDevelopment": "470976", "operatingExpenses": "1874441", "investmentIncomeNet": "None", "netInterestIncome": "None", "interestIncome": "None", "interestExpense": "0", "nonInterestIncome": "None", "otherNonOperatingIncome": "59", "depreciation": "None", "depreciationAndAmortization": "7864", "incomeBeforeTax": "-1874382", "incomeTaxExpense": "-118", "interestAndDebtExpense": "None", "netIncomeFromContinuingOperations": "-1874382", "comprehensiveIncomeNetOfTax": "None", "ebit": "-1874441", "ebitda": "-1866577", "netIncome": "-1874382"}, {"fiscalDateEnding": "2017-12-31", "reportedCurrency": "USD", "grossProfit": "-26920", "totalRevenue": "0", "costOfRevenue": "26920", "costofGoodsAndServicesSold": "26920", "operatingIncome": "-1548421", "sellingGeneralAndAdministrative": "1331180", "researchAndDevelopment": "217241", "operatingExpenses": "1521501", "investmentIncomeNet": "None", "netInterestIncome": "None", "interestIncome": "None", "interestExpense": "0", "nonInterestIncome": "None", "otherNonOperatingIncome": "17107", "depreciation": "None", "depreciationAndAmortization": "26920", "incomeBeforeTax": "-1993028", "incomeTaxExpense": "-45757", "interestAndDebtExpense": "None", "netIncomeFromContinuingOperations": "-1993028", "comprehensiveIncomeNetOfTax": "None", "ebit": "-1531311", "ebitda": "-1504391", "netIncome": "-1993028"}, {"fiscalDateEnding": "2017-09-30", "reportedCurrency": "USD", "grossProfit": "-28884", "totalRevenue": "0", "costOfRevenue": "28884", "costofGoodsAndServicesSold": "28884", "operatingIncome": "-2055927", "sellingGeneralAndAdministrative": "1313477", "researchAndDevelopment": "742450", "operatingExpenses": "2055927", "investmentIncomeNet": "None", "netInterestIncome": "None", "interestIncome": "None", "interestExpense": "0", "nonInterestIncome": "None", "otherNonOperatingIncome": "-283", "depreciation": "None", "depreciationAndAmortization": "28881", "incomeBeforeTax": "-2184510", "incomeTaxExpense": "257166", "interestAndDebtExpense": "None", "netIncomeFromContinuingOperations": "-2184510", "comprehensiveIncomeNetOfTax": "None", "ebit": "-2055927", "ebitda": "-2027046", "netIncome": "-2184510"}, {"fiscalDateEnding": "2017-06-30", "reportedCurrency": "USD", "grossProfit": "-33103", "totalRevenue": "0", "costOfRevenue": "33103", "costofGoodsAndServicesSold": "33103", "operatingIncome": "-1896263", "sellingGeneralAndAdministrative": "1072169", "researchAndDevelopment": "824094", "operatingExpenses": "1896263", "investmentIncomeNet": "None", "netInterestIncome": "None", "interestIncome": "None", "interestExpense": "192817", "nonInterestIncome": "None", "otherNonOperatingIncome": "38", "depreciation": "None", "depreciationAndAmortization": "33106", "incomeBeforeTax": "-2241489", "incomeTaxExpense": "690452", "interestAndDebtExpense": "None", "netIncomeFromContinuingOperations": "-2241489", "comprehensiveIncomeNetOfTax": "None", "ebit": "-1896263", "ebitda": "-1863157", "netIncome": "-2241489"}, {"fiscalDateEnding": "2017-03-31", "reportedCurrency": "USD", "grossProfit": "-40087", "totalRevenue": "0", "costOfRevenue": "40087", "costofGoodsAndServicesSold": "40087", "operatingIncome": "-1703591", "sellingGeneralAndAdministrative": "1142544", "researchAndDevelopment": "544302", "operatingExpenses": "1686846", "investmentIncomeNet": "None", "netInterestIncome": "None", "interestIncome": "None", "interestExpense": "0", "nonInterestIncome": "None", "otherNonOperatingIncome": "-16708", "depreciation": "None", "depreciationAndAmortization": "40087", "incomeBeforeTax": "-1703554", "incomeTaxExpense": "33416", "interestAndDebtExpense": "None", "netIncomeFromContinuingOperations": "-1703554", "comprehensiveIncomeNetOfTax": "None", "ebit": "-1703591", "ebitda": "-1663504", "netIncome": "-1703554"}, {"fiscalDateEnding": "2016-12-31", "reportedCurrency": "USD", "grossProfit": "-76095", "totalRevenue": "0", "costOfRevenue": "76095", "costofGoodsAndServicesSold": "76095", "operatingIncome": "-2523688", "sellingGeneralAndAdministrative": "1438254", "researchAndDevelopment": "366464", "operatingExpenses": "2523688", "investmentIncomeNet": "None", "netInterestIncome": "None", "interestIncome": "None", "interestExpense": "0", "nonInterestIncome": "None", "otherNonOperatingIncome": "-163419", "depreciation": "None", "depreciationAndAmortization": "76095", "incomeBeforeTax": "-2523650", "incomeTaxExpense": "1437864", "interestAndDebtExpense": "None", "netIncomeFromContinuingOperations": "-2523651", "comprehensiveIncomeNetOfTax": "None", "ebit": "-1809952", "ebitda": "-1733857", "netIncome": "-2523650"}, {"fiscalDateEnding": "2016-09-30", "reportedCurrency": "USD", "grossProfit": "-74813", "totalRevenue": "0", "costOfRevenue": "74813", "costofGoodsAndServicesSold": "74813", "operatingIncome": "-1558435", "sellingGeneralAndAdministrative": "1473435", "researchAndDevelopment": "85000", "operatingExpenses": "1558435", "investmentIncomeNet": "None", "netInterestIncome": "None", "interestIncome": "None", "interestExpense": "0", "nonInterestIncome": "None", "otherNonOperatingIncome": "1763124", "depreciation": "None", "depreciationAndAmortization": "74813", "incomeBeforeTax": "204689", "incomeTaxExpense": "-3526248", "interestAndDebtExpense": "None", "netIncomeFromContinuingOperations": "204689", "comprehensiveIncomeNetOfTax": "None", "ebit": "-1558435", "ebitda": "-1483622", "netIncome": "204689"}, {"fiscalDateEnding": "2016-06-30", "reportedCurrency": "USD", "grossProfit": "0", "totalRevenue": "0", "costOfRevenue": "0", "costofGoodsAndServicesSold": "0", "operatingIncome": "-1722383", "sellingGeneralAndAdministrative": "1553391", "researchAndDevelopment": "168992", "operatingExpenses": "1722383", "investmentIncomeNet": "None", "netInterestIncome": "None", "interestIncome": "None", "interestExpense": "0", "nonInterestIncome": "None", "otherNonOperatingIncome": "None", "depreciation": "None", "depreciationAndAmortization": "76845", "incomeBeforeTax": "-1722383", "incomeTaxExpense": "0", "interestAndDebtExpense": "None", "netIncomeFromContinuingOperations": "-1722383", "comprehensiveIncomeNetOfTax": "None", "ebit": "-1722383", "ebitda": "-1645538", "netIncome": "-1722383"}, {"fiscalDateEnding": "2016-03-31", "reportedCurrency": "USD", "grossProfit": "-2094251", "totalRevenue": "-5337911", "costOfRevenue": "-3243660", "costofGoodsAndServicesSold": "-3243660", "operatingIncome": "-2327540", "sellingGeneralAndAdministrative": "2177569", "researchAndDevelopment": "149971", "operatingExpenses": "2327540", "investmentIncomeNet": "None", "netInterestIncome": "None", "interestIncome": "None", "interestExpense": "0", "nonInterestIncome": "None", "otherNonOperatingIncome": "None", "depreciation": "None", "depreciationAndAmortization": "75729", "incomeBeforeTax": "-2327540", "incomeTaxExpense": "0", "interestAndDebtExpense": "None", "netIncomeFromContinuingOperations": "-2327540", "comprehensiveIncomeNetOfTax": "None", "ebit": "-2327540", "ebitda": "-2251811", "netIncome": "-2327540"}, {"fiscalDateEnding": "2015-12-31", "reportedCurrency": "USD", "grossProfit": "-2094251", "totalRevenue": "-5337911", "costOfRevenue": "-3243660", "costofGoodsAndServicesSold": "-3243660", "operatingIncome": "-2474097", "sellingGeneralAndAdministrative": "433072", "researchAndDevelopment": "38439", "operatingExpenses": "-200909", "investmentIncomeNet": "None", "netInterestIncome": "None", "interestIncome": "None", "interestExpense": "1784", "nonInterestIncome": "None", "otherNonOperatingIncome": "-67902", "depreciation": "None", "depreciationAndAmortization": "22883", "incomeBeforeTax": "-2589774", "incomeTaxExpense": "3134372", "interestAndDebtExpense": "None", "netIncomeFromContinuingOperations": "-1959459", "comprehensiveIncomeNetOfTax": "None", "ebit": "-1893342", "ebitda": "-1870459", "netIncome": "-4961596"}, {"fiscalDateEnding": "2015-09-30", "reportedCurrency": "USD", "grossProfit": "458838", "totalRevenue": "772244", "costOfRevenue": "313406", "costofGoodsAndServicesSold": "313406", "operatingIncome": "-3842659", "sellingGeneralAndAdministrative": "3017909", "researchAndDevelopment": "1090349", "operatingExpenses": "4846294", "investmentIncomeNet": "None", "netInterestIncome": "None", "interestIncome": "None", "interestExpense": "0", "nonInterestIncome": "None", "otherNonOperatingIncome": "69345", "depreciation": "None", "depreciationAndAmortization": "101705", "incomeBeforeTax": "-3773309", "incomeTaxExpense": "-138690", "interestAndDebtExpense": "None", "netIncomeFromContinuingOperations": "-4318111", "comprehensiveIncomeNetOfTax": "None", "ebit": "-3842659", "ebitda": "-3740954", "netIncome": "-4318111"}, {"fiscalDateEnding": "2015-06-30", "reportedCurrency": "USD", "grossProfit": "839446", "totalRevenue": "2694157", "costOfRevenue": "1854711", "costofGoodsAndServicesSold": "1854711", "operatingIncome": "-3170547", "sellingGeneralAndAdministrative": "2790872", "researchAndDevelopment": "510458", "operatingExpenses": "4033391", "investmentIncomeNet": "None", "netInterestIncome": "None", "interestIncome": "None", "interestExpense": "0", "nonInterestIncome": "None", "otherNonOperatingIncome": "48619", "depreciation": "None", "depreciationAndAmortization": "74890", "incomeBeforeTax": "-3121888", "incomeTaxExpense": "-97238", "interestAndDebtExpense": "None", "netIncomeFromContinuingOperations": "-3145326", "comprehensiveIncomeNetOfTax": "None", "ebit": "-3170547", "ebitda": "-3095657", "netIncome": "-3145326"}, {"fiscalDateEnding": "2015-03-31", "reportedCurrency": "USD", "grossProfit": "665314", "totalRevenue": "1873268", "costOfRevenue": "1207954", "costofGoodsAndServicesSold": "1207954", "operatingIncome": "-3283876", "sellingGeneralAndAdministrative": "2605111", "researchAndDevelopment": "797225", "operatingExpenses": "3949190", "investmentIncomeNet": "None", "netInterestIncome": "None", "interestIncome": "None", "interestExpense": "1784", "nonInterestIncome": "None", "otherNonOperatingIncome": "-49631", "depreciation": "None", "depreciationAndAmortization": "64249", "incomeBeforeTax": "-3335291", "incomeTaxExpense": "-49910", "interestAndDebtExpense": "None", "netIncomeFromContinuingOperations": "-3335291", "comprehensiveIncomeNetOfTax": "None", "ebit": "-3272672", "ebitda": "-3208423", "netIncome": "-3335291"}, {"fiscalDateEnding": "2014-12-31", "reportedCurrency": "USD", "grossProfit": "147871", "totalRevenue": "2713", "costOfRevenue": "340658", "costofGoodsAndServicesSold": "340658", "operatingIncome": "-3328315", "sellingGeneralAndAdministrative": "2345815", "researchAndDevelopment": "721026", "operatingExpenses": "5947575", "investmentIncomeNet": "None", "netInterestIncome": "None", "interestIncome": "None", "interestExpense": "13426", "nonInterestIncome": "None", "otherNonOperatingIncome": "106", "depreciation": "None", "depreciationAndAmortization": "88148", "incomeBeforeTax": "-3325866", "incomeTaxExpense": "2365946", "interestAndDebtExpense": "None", "netIncomeFromContinuingOperations": "-5813024", "comprehensiveIncomeNetOfTax": "None", "ebit": "-975832", "ebitda": "-887684", "netIncome": "-5813024"}, {"fiscalDateEnding": "2014-09-30", "reportedCurrency": "USD", "grossProfit": "3426", "totalRevenue": "3426", "costOfRevenue": "3120000", "costofGoodsAndServicesSold": "3120000", "operatingIncome": "-3245255", "sellingGeneralAndAdministrative": "2043138", "researchAndDevelopment": "923169", "operatingExpenses": "3248681", "investmentIncomeNet": "None", "netInterestIncome": "None", "interestIncome": "None", "interestExpense": "151", "nonInterestIncome": "None", "otherNonOperatingIncome": "11", "depreciation": "None", "depreciationAndAmortization": "128053", "incomeBeforeTax": "-3245395", "incomeTaxExpense": "140", "interestAndDebtExpense": "None", "netIncomeFromContinuingOperations": "-3245395", "comprehensiveIncomeNetOfTax": "None", "ebit": "-3245255", "ebitda": "-3117202", "netIncome": "-3245395"}, {"fiscalDateEnding": "2014-06-30", "reportedCurrency": "USD", "grossProfit": "9875", "totalRevenue": "9875", "costOfRevenue": "3069000", "costofGoodsAndServicesSold": "3069000", "operatingIncome": "-3186533", "sellingGeneralAndAdministrative": "2462256", "researchAndDevelopment": "510767", "operatingExpenses": "3196408", "investmentIncomeNet": "None", "netInterestIncome": "None", "interestIncome": "None", "interestExpense": "1443", "nonInterestIncome": "None", "otherNonOperatingIncome": "None", "depreciation": "None", "depreciationAndAmortization": "127827", "incomeBeforeTax": "-3187976", "incomeTaxExpense": "1443", "interestAndDebtExpense": "None", "netIncomeFromContinuingOperations": "-3187976", "comprehensiveIncomeNetOfTax": "None", "ebit": "-3186533", "ebitda": "-3058706", "netIncome": "-3187976"}, {"fiscalDateEnding": "2014-03-31", "reportedCurrency": "USD", "grossProfit": "24124", "totalRevenue": "24124", "costOfRevenue": "180903", "costofGoodsAndServicesSold": "180903", "operatingIncome": "-2410925", "sellingGeneralAndAdministrative": "1774708", "researchAndDevelopment": "422503", "operatingExpenses": "2435049", "investmentIncomeNet": "None", "netInterestIncome": "None", "interestIncome": "None", "interestExpense": "749", "nonInterestIncome": "None", "otherNonOperatingIncome": "143", "depreciation": "None", "depreciationAndAmortization": "125097", "incomeBeforeTax": "-2411531", "incomeTaxExpense": "606", "interestAndDebtExpense": "None", "netIncomeFromContinuingOperations": "-2411531", "comprehensiveIncomeNetOfTax": "None", "ebit": "-2410782", "ebitda": "-2285685", "netIncome": "-2411531"}, {"fiscalDateEnding": "2013-12-31", "reportedCurrency": "USD", "grossProfit": "-133690", "totalRevenue": "47213", "costOfRevenue": "180903", "costofGoodsAndServicesSold": "180903", "operatingIncome": "-2757966", "sellingGeneralAndAdministrative": "1958016", "researchAndDevelopment": "373852", "operatingExpenses": "2624276", "investmentIncomeNet": "None", "netInterestIncome": "None", "interestIncome": "None", "interestExpense": "0", "nonInterestIncome": "None", "otherNonOperatingIncome": "242", "depreciation": "None", "depreciationAndAmortization": "122398", "incomeBeforeTax": "-2757724", "incomeTaxExpense": "-242", "interestAndDebtExpense": "None", "netIncomeFromContinuingOperations": "-2757724", "comprehensiveIncomeNetOfTax": "None", "ebit": "-2757724", "ebitda": "-2635326", "netIncome": "-2757724"}, {"fiscalDateEnding": "2013-09-30", "reportedCurrency": "USD", "grossProfit": "50659", "totalRevenue": "76597", "costOfRevenue": "25938", "costofGoodsAndServicesSold": "25938", "operatingIncome": "-3501897", "sellingGeneralAndAdministrative": "2858027", "researchAndDevelopment": "321111", "operatingExpenses": "3552556", "investmentIncomeNet": "None", "netInterestIncome": "None", "interestIncome": "None", "interestExpense": "1", "nonInterestIncome": "None", "otherNonOperatingIncome": "53", "depreciation": "None", "depreciationAndAmortization": "123893", "incomeBeforeTax": "-3501845", "incomeTaxExpense": "-52", "interestAndDebtExpense": "None", "netIncomeFromContinuingOperations": "-3501845", "comprehensiveIncomeNetOfTax": "None", "ebit": "-3501844", "ebitda": "-3377951", "netIncome": "-3501845"}, {"fiscalDateEnding": "2013-06-30", "reportedCurrency": "USD", "grossProfit": "103918", "totalRevenue": "326078", "costOfRevenue": "222160", "costofGoodsAndServicesSold": "222160", "operatingIncome": "-2583347", "sellingGeneralAndAdministrative": "2177920", "researchAndDevelopment": "189955", "operatingExpenses": "2687265", "investmentIncomeNet": "None", "netInterestIncome": "None", "interestIncome": "None", "interestExpense": "352", "nonInterestIncome": "None", "otherNonOperatingIncome": "None", "depreciation": "None", "depreciationAndAmortization": "127698", "incomeBeforeTax": "-2583699", "incomeTaxExpense": "352", "interestAndDebtExpense": "None", "netIncomeFromContinuingOperations": "-2583699", "comprehensiveIncomeNetOfTax": "None", "ebit": "-2583347", "ebitda": "-2455649", "netIncome": "-2583699"}, {"fiscalDateEnding": "2013-03-31", "reportedCurrency": "USD", "grossProfit": "116206", "totalRevenue": "182670", "costOfRevenue": "66464", "costofGoodsAndServicesSold": "66464", "operatingIncome": "-1941433", "sellingGeneralAndAdministrative": "1564872", "researchAndDevelopment": "220192", "operatingExpenses": "2057639", "investmentIncomeNet": "None", "netInterestIncome": "None", "interestIncome": "None", "interestExpense": "7", "nonInterestIncome": "None", "otherNonOperatingIncome": "None", "depreciation": "None", "depreciationAndAmortization": "98945", "incomeBeforeTax": "-1941440", "incomeTaxExpense": "7", "interestAndDebtExpense": "None", "netIncomeFromContinuingOperations": "-1941440", "comprehensiveIncomeNetOfTax": "None", "ebit": "-1941433", "ebitda": "-1842488", "netIncome": "-1941440"}, {"fiscalDateEnding": "2012-12-31", "reportedCurrency": "USD", "grossProfit": "92696", "totalRevenue": "98456", "costOfRevenue": "5760", "costofGoodsAndServicesSold": "5760", "operatingIncome": "-1705", "sellingGeneralAndAdministrative": "1613224", "researchAndDevelopment": "465.07", "operatingExpenses": "1798074", "investmentIncomeNet": "None", "netInterestIncome": "None", "interestIncome": "None", "interestExpense": "224", "nonInterestIncome": "None", "otherNonOperatingIncome": "None", "depreciation": "None", "depreciationAndAmortization": "104966", "incomeBeforeTax": "-1705", "incomeTaxExpense": "224", "interestAndDebtExpense": "None", "netIncomeFromContinuingOperations": "0", "comprehensiveIncomeNetOfTax": "None", "ebit": "-1705378", "ebitda": "-1600412", "netIncome": "-1705602"}, {"fiscalDateEnding": "2012-09-30", "reportedCurrency": "USD", "grossProfit": "90499", "totalRevenue": "105576", "costOfRevenue": "15077", "costofGoodsAndServicesSold": "15077", "operatingIncome": "-1135672", "sellingGeneralAndAdministrative": "1138467", "researchAndDevelopment": "548108", "operatingExpenses": "1050763", "investmentIncomeNet": "None", "netInterestIncome": "None", "interestIncome": "None", "interestExpense": "7756", "nonInterestIncome": "None", "otherNonOperatingIncome": "46", "depreciation": "None", "depreciationAndAmortization": "8529", "incomeBeforeTax": "-1143382", "incomeTaxExpense": "7710", "interestAndDebtExpense": "None", "netIncomeFromContinuingOperations": "-1143382", "comprehensiveIncomeNetOfTax": "None", "ebit": "-1135626", "ebitda": "-1127097", "netIncome": "-1143382"}, {"fiscalDateEnding": "2012-06-30", "reportedCurrency": "USD", "grossProfit": "205309", "totalRevenue": "223097", "costOfRevenue": "17788", "costofGoodsAndServicesSold": "17788", "operatingIncome": "-1165811", "sellingGeneralAndAdministrative": "1247289", "researchAndDevelopment": "543081", "operatingExpenses": "1371120", "investmentIncomeNet": "None", "netInterestIncome": "None", "interestIncome": "None", "interestExpense": "2446", "nonInterestIncome": "None", "otherNonOperatingIncome": "None", "depreciation": "None", "depreciationAndAmortization": "8528", "incomeBeforeTax": "-1167947", "incomeTaxExpense": "2136", "interestAndDebtExpense": "None", "netIncomeFromContinuingOperations": "0", "comprehensiveIncomeNetOfTax": "None", "ebit": "-1165502", "ebitda": "-1156974", "netIncome": "-1167947"}, {"fiscalDateEnding": "2012-03-31", "reportedCurrency": "USD", "grossProfit": "26390", "totalRevenue": "38667", "costOfRevenue": "12277", "costofGoodsAndServicesSold": "12277", "operatingIncome": "-1062167", "sellingGeneralAndAdministrative": "1019442", "researchAndDevelopment": "417990", "operatingExpenses": "1088557", "investmentIncomeNet": "None", "netInterestIncome": "None", "interestIncome": "None", "interestExpense": "1613", "nonInterestIncome": "None", "otherNonOperatingIncome": "None", "depreciation": "None", "depreciationAndAmortization": "8529", "incomeBeforeTax": "-1062917", "incomeTaxExpense": "750", "interestAndDebtExpense": "None", "netIncomeFromContinuingOperations": "0", "comprehensiveIncomeNetOfTax": "None", "ebit": "-1061305", "ebitda": "-1052776", "netIncome": "-1062917"}, {"fiscalDateEnding": "2011-12-31", "reportedCurrency": "USD", "grossProfit": "-95690", "totalRevenue": "1500", "costOfRevenue": "97190", "costofGoodsAndServicesSold": "97190", "operatingIncome": "-1172707", "sellingGeneralAndAdministrative": "2284680", "researchAndDevelopment": "0", "operatingExpenses": "1101594", "investmentIncomeNet": "None", "netInterestIncome": "None", "interestIncome": "None", "interestExpense": "9604", "nonInterestIncome": "None", "otherNonOperatingIncome": "None", "depreciation": "None", "depreciationAndAmortization": "9203", "incomeBeforeTax": "-1180827", "incomeTaxExpense": "8119", "interestAndDebtExpense": "None", "netIncomeFromContinuingOperations": "0", "comprehensiveIncomeNetOfTax": "None", "ebit": "-1195799", "ebitda": "-1186596", "netIncome": "-1205403"}, {"fiscalDateEnding": "2011-09-30", "reportedCurrency": "USD", "grossProfit": "0", "totalRevenue": "0", "costOfRevenue": "1270000", "costofGoodsAndServicesSold": "1270000", "operatingIncome": "-1274189", "sellingGeneralAndAdministrative": "543214", "researchAndDevelopment": "625447", "operatingExpenses": "1274189", "investmentIncomeNet": "None", "netInterestIncome": "None", "interestIncome": "None", "interestExpense": "758", "nonInterestIncome": "None", "otherNonOperatingIncome": "None", "depreciation": "None", "depreciationAndAmortization": "5045", "incomeBeforeTax": "-1272680", "incomeTaxExpense": "-1509", "interestAndDebtExpense": "None", "netIncomeFromContinuingOperations": "0", "comprehensiveIncomeNetOfTax": "None", "ebit": "-1271922", "ebitda": "-1266877", "netIncome": "-1272680"}, {"fiscalDateEnding": "2011-06-30", "reportedCurrency": "USD", "grossProfit": "0", "totalRevenue": "0", "costOfRevenue": "956000", "costofGoodsAndServicesSold": "956000", "operatingIncome": "-756871", "sellingGeneralAndAdministrative": "756871", "researchAndDevelopment": "0", "operatingExpenses": "756871", "investmentIncomeNet": "None", "netInterestIncome": "None", "interestIncome": "None", "interestExpense": "2661", "nonInterestIncome": "None", "otherNonOperatingIncome": "None", "depreciation": "None", "depreciationAndAmortization": "1161", "incomeBeforeTax": "-758371", "incomeTaxExpense": "-1375", "interestAndDebtExpense": "None", "netIncomeFromContinuingOperations": "0", "comprehensiveIncomeNetOfTax": "None", "ebit": "-756871", "ebitda": "-755710", "netIncome": "-758371"}, {"fiscalDateEnding": "2011-03-31", "reportedCurrency": "USD", "grossProfit": "0", "totalRevenue": "0", "costOfRevenue": "0", "costofGoodsAndServicesSold": "0", "operatingIncome": "-225423", "sellingGeneralAndAdministrative": "225423", "researchAndDevelopment": "0", "operatingExpenses": "225423", "investmentIncomeNet": "None", "netInterestIncome": "None", "interestIncome": "None", "interestExpense": "4968", "nonInterestIncome": "None", "otherNonOperatingIncome": "None", "depreciation": "None", "depreciationAndAmortization": "None", "incomeBeforeTax": "-230391", "incomeTaxExpense": "0", "interestAndDebtExpense": "None", "netIncomeFromContinuingOperations": "0", "comprehensiveIncomeNetOfTax": "None", "ebit": "0", "ebitda": "-225423", "netIncome": "-230391"}, {"fiscalDateEnding": "2010-12-31", "reportedCurrency": "USD", "grossProfit": "0", "totalRevenue": "0", "costOfRevenue": "0", "costofGoodsAndServicesSold": "0", "operatingIncome": "-338439", "sellingGeneralAndAdministrative": "550295", "researchAndDevelopment": "118690", "operatingExpenses": "338439", "investmentIncomeNet": "None", "netInterestIncome": "None", "interestIncome": "None", "interestExpense": "4010", "nonInterestIncome": "None", "otherNonOperatingIncome": "None", "depreciation": "None", "depreciationAndAmortization": "None", "incomeBeforeTax": "-342449", "incomeTaxExpense": "125", "interestAndDebtExpense": "None", "netIncomeFromContinuingOperations": "0", "comprehensiveIncomeNetOfTax": "None", "ebit": "0", "ebitda": "-338439", "netIncome": "-342574"}, {"fiscalDateEnding": "2010-09-30", "reportedCurrency": "USD", "grossProfit": "None", "totalRevenue": "None", "costOfRevenue": "None", "costofGoodsAndServicesSold": "None", "operatingIncome": "-477309", "sellingGeneralAndAdministrative": "237249", "researchAndDevelopment": "1306", "operatingExpenses": "477309", "investmentIncomeNet": "None", "netInterestIncome": "None", "interestIncome": "None", "interestExpense": "5129", "nonInterestIncome": "None", "otherNonOperatingIncome": "None", "depreciation": "None", "depreciationAndAmortization": "2", "incomeBeforeTax": "-482436", "incomeTaxExpense": "-2", "interestAndDebtExpense": "None", "netIncomeFromContinuingOperations": "None", "comprehensiveIncomeNetOfTax": "None", "ebit": "-477309", "ebitda": "-477307", "netIncome": "-482436"}, {"fiscalDateEnding": "2010-06-30", "reportedCurrency": "USD", "grossProfit": "None", "totalRevenue": "None", "costOfRevenue": "None", "costofGoodsAndServicesSold": "None", "operatingIncome": "-197228", "sellingGeneralAndAdministrative": "26125", "researchAndDevelopment": "None", "operatingExpenses": "197228", "investmentIncomeNet": "None", "netInterestIncome": "None", "interestIncome": "None", "interestExpense": "None", "nonInterestIncome": "None", "otherNonOperatingIncome": "None", "depreciation": "None", "depreciationAndAmortization": "None", "incomeBeforeTax": "-197101", "incomeTaxExpense": "-127", "interestAndDebtExpense": "None", "netIncomeFromContinuingOperations": "None", "comprehensiveIncomeNetOfTax": "None", "ebit": "None", "ebitda": "-197228", "netIncome": "-197101"}, {"fiscalDateEnding": "2009-09-30", "reportedCurrency": "USD", "grossProfit": "None", "totalRevenue": "None", "costOfRevenue": "None", "costofGoodsAndServicesSold": "None", "operatingIncome": "-92581", "sellingGeneralAndAdministrative": "70804", "researchAndDevelopment": "17500", "operatingExpenses": "92581", "investmentIncomeNet": "None", "netInterestIncome": "None", "interestIncome": "None", "interestExpense": "None", "nonInterestIncome": "None", "otherNonOperatingIncome": "None", "depreciation": "None", "depreciationAndAmortization": "None", "incomeBeforeTax": "-92581", "incomeTaxExpense": "None", "interestAndDebtExpense": "None", "netIncomeFromContinuingOperations": "None", "comprehensiveIncomeNetOfTax": "None", "ebit": "None", "ebitda": "-92581", "netIncome": "-92581"}]}