{"symbol": "AKBA", "annualReports": [{"fiscalDateEnding": "2024-12-31", "reportedCurrency": "USD", "grossProfit": "97003000", "totalRevenue": "160180000", "costOfRevenue": "63177000", "costofGoodsAndServicesSold": "63177000", "operatingIncome": "-50472000", "sellingGeneralAndAdministrative": "101945000", "researchAndDevelopment": "37652000", "operatingExpenses": "147475000", "investmentIncomeNet": "None", "netInterestIncome": "-18185000", "interestIncome": "None", "interestExpense": "18185000", "nonInterestIncome": "None", "otherNonOperatingIncome": "None", "depreciation": "None", "depreciationAndAmortization": "37504000", "incomeBeforeTax": "-69410000", "incomeTaxExpense": "None", "interestAndDebtExpense": "None", "netIncomeFromContinuingOperations": "-69410000", "comprehensiveIncomeNetOfTax": "None", "ebit": "-51225000", "ebitda": "-13721000", "netIncome": "-69410000"}, {"fiscalDateEnding": "2023-12-31", "reportedCurrency": "USD", "grossProfit": "120474000", "totalRevenue": "194623000", "costOfRevenue": "74149000", "costofGoodsAndServicesSold": "74149000", "operatingIncome": "-46256000", "sellingGeneralAndAdministrative": "3237000", "researchAndDevelopment": "63079000", "operatingExpenses": "166730000", "investmentIncomeNet": "None", "netInterestIncome": "-6250000", "interestIncome": "None", "interestExpense": "6032000", "nonInterestIncome": "None", "otherNonOperatingIncome": "None", "depreciation": "None", "depreciationAndAmortization": "37627000", "incomeBeforeTax": "-51925000", "incomeTaxExpense": "41678105", "interestAndDebtExpense": "None", "netIncomeFromContinuingOperations": "-56946000", "comprehensiveIncomeNetOfTax": "None", "ebit": "-45893000", "ebitda": "-8266000", "netIncome": "-51925000"}, {"fiscalDateEnding": "2022-12-31", "reportedCurrency": "USD", "grossProfit": "269987800", "totalRevenue": "292484000", "costOfRevenue": "22496200", "costofGoodsAndServicesSold": "22496200", "operatingIncome": "-80779000", "sellingGeneralAndAdministrative": "131901000", "researchAndDevelopment": "165986000", "operatingExpenses": "350766800", "investmentIncomeNet": "None", "netInterestIncome": "-15687000", "interestIncome": "None", "interestExpense": "15687000", "nonInterestIncome": "None", "otherNonOperatingIncome": "2240000", "depreciation": "None", "depreciationAndAmortization": "37697000", "incomeBeforeTax": "-94226000", "incomeTaxExpense": "13447000", "interestAndDebtExpense": "None", "netIncomeFromContinuingOperations": "-92562000", "comprehensiveIncomeNetOfTax": "None", "ebit": "-34641200", "ebitda": "3055800", "netIncome": "-94226000"}, {"fiscalDateEnding": "2021-12-31", "reportedCurrency": "USD", "grossProfit": "60184000", "totalRevenue": "213578000", "costOfRevenue": "153394000", "costofGoodsAndServicesSold": "153394000", "operatingIncome": "-265318000", "sellingGeneralAndAdministrative": "177650000", "researchAndDevelopment": "147852000", "operatingExpenses": "325502000", "investmentIncomeNet": "None", "netInterestIncome": "-19936000", "interestIncome": "None", "interestExpense": "19936000", "nonInterestIncome": "None", "otherNonOperatingIncome": "2414000", "depreciation": "None", "depreciationAndAmortization": "37970000", "incomeBeforeTax": "-282840000", "incomeTaxExpense": "-37970000", "interestAndDebtExpense": "None", "netIncomeFromContinuingOperations": "-282840000", "comprehensiveIncomeNetOfTax": "None", "ebit": "-265318000", "ebitda": "-227348000", "netIncome": "-244870000"}, {"fiscalDateEnding": "2020-12-31", "reportedCurrency": "USD", "grossProfit": "-601000", "totalRevenue": "295307000", "costOfRevenue": "295908000", "costofGoodsAndServicesSold": "295908000", "operatingIncome": "-376442000", "sellingGeneralAndAdministrative": "157356000", "researchAndDevelopment": "218485000", "operatingExpenses": "375841000", "investmentIncomeNet": "None", "netInterestIncome": "-8871000", "interestIncome": "None", "interestExpense": "8871000", "nonInterestIncome": "None", "otherNonOperatingIncome": "1856000", "depreciation": "None", "depreciationAndAmortization": "33590000", "incomeBeforeTax": "-383457000", "incomeTaxExpense": "-33590000", "interestAndDebtExpense": "None", "netIncomeFromContinuingOperations": "-383457000", "comprehensiveIncomeNetOfTax": "None", "ebit": "-376442000", "ebitda": "-342852000", "netIncome": "-349867000"}, {"fiscalDateEnding": "2019-12-31", "reportedCurrency": "USD", "grossProfit": "189665000", "totalRevenue": "335001000", "costOfRevenue": "145336000", "costofGoodsAndServicesSold": "145336000", "operatingIncome": "-286288000", "sellingGeneralAndAdministrative": "152984000", "researchAndDevelopment": "322969000", "operatingExpenses": "475953000", "investmentIncomeNet": "None", "netInterestIncome": "792000", "interestIncome": "792000", "interestExpense": "38644000", "nonInterestIncome": "None", "otherNonOperatingIncome": "-794000", "depreciation": "None", "depreciationAndAmortization": "38646000", "incomeBeforeTax": "-286290000", "incomeTaxExpense": "-6631000", "interestAndDebtExpense": "None", "netIncomeFromContinuingOperations": "-279659000", "comprehensiveIncomeNetOfTax": "None", "ebit": "-286288000", "ebitda": "-247642000", "netIncome": "-279659000"}, {"fiscalDateEnding": "2018-12-31", "reportedCurrency": "USD", "grossProfit": "200057000", "totalRevenue": "207742000", "costOfRevenue": "7685000", "costofGoodsAndServicesSold": "7685000", "operatingIncome": "-178139000", "sellingGeneralAndAdministrative": "87128000", "researchAndDevelopment": "291068000", "operatingExpenses": "378196000", "investmentIncomeNet": "None", "netInterestIncome": "6154000", "interestIncome": "6154000", "interestExpense": "6154000", "nonInterestIncome": "None", "otherNonOperatingIncome": "81000", "depreciation": "None", "depreciationAndAmortization": "2421000", "incomeBeforeTax": "-171904000", "incomeTaxExpense": "-28338000", "interestAndDebtExpense": "None", "netIncomeFromContinuingOperations": "-143588000", "comprehensiveIncomeNetOfTax": "None", "ebit": "-178139000", "ebitda": "-175718000", "netIncome": "-171904000"}, {"fiscalDateEnding": "2017-12-31", "reportedCurrency": "USD", "grossProfit": "177367000", "totalRevenue": "177984000", "costOfRevenue": "617000", "costofGoodsAndServicesSold": "617000", "operatingIncome": "-79917000", "sellingGeneralAndAdministrative": "27008000", "researchAndDevelopment": "230893000", "operatingExpenses": "257901000", "investmentIncomeNet": "None", "netInterestIncome": "2799000", "interestIncome": "2799000", "interestExpense": "2799000", "nonInterestIncome": "None", "otherNonOperatingIncome": "204000", "depreciation": "None", "depreciationAndAmortization": "617000", "incomeBeforeTax": "-76914000", "incomeTaxExpense": "-2799000", "interestAndDebtExpense": "None", "netIncomeFromContinuingOperations": "-76914000", "comprehensiveIncomeNetOfTax": "None", "ebit": "-76674000", "ebitda": "-76057000", "netIncome": "-76914000"}, {"fiscalDateEnding": "2016-12-31", "reportedCurrency": "USD", "grossProfit": "-114250000", "totalRevenue": "1535000", "costOfRevenue": "115785000", "costofGoodsAndServicesSold": "115785000", "operatingIncome": "-136460000", "sellingGeneralAndAdministrative": "22210000", "researchAndDevelopment": "115785000", "operatingExpenses": "137995000", "investmentIncomeNet": "None", "netInterestIncome": "901000", "interestIncome": "901000", "interestExpense": "901000", "nonInterestIncome": "None", "otherNonOperatingIncome": "713000", "depreciation": "None", "depreciationAndAmortization": "296000", "incomeBeforeTax": "-135747000", "incomeTaxExpense": "-901000", "interestAndDebtExpense": "None", "netIncomeFromContinuingOperations": "-135747000", "comprehensiveIncomeNetOfTax": "None", "ebit": "-136460000", "ebitda": "-136164000", "netIncome": "-135747000"}, {"fiscalDateEnding": "2015-12-31", "reportedCurrency": "USD", "grossProfit": "-96000", "totalRevenue": "0", "costOfRevenue": "96000", "costofGoodsAndServicesSold": "96000", "operatingIncome": "-61513000", "sellingGeneralAndAdministrative": "18497000", "researchAndDevelopment": "43016000", "operatingExpenses": "61513000", "investmentIncomeNet": "None", "netInterestIncome": "None", "interestIncome": "None", "interestExpense": "510000", "nonInterestIncome": "None", "otherNonOperatingIncome": "287000", "depreciation": "None", "depreciationAndAmortization": "96000", "incomeBeforeTax": "-60716000", "incomeTaxExpense": "-510000", "interestAndDebtExpense": "None", "netIncomeFromContinuingOperations": "-60716000", "comprehensiveIncomeNetOfTax": "None", "ebit": "-61513000", "ebitda": "-61417000", "netIncome": "-60716000"}, {"fiscalDateEnding": "2014-12-31", "reportedCurrency": "USD", "grossProfit": "-23263000", "totalRevenue": "700233", "costOfRevenue": "23263000", "costofGoodsAndServicesSold": "23263000", "operatingIncome": "-37940000", "sellingGeneralAndAdministrative": "12542000", "researchAndDevelopment": "25398000", "operatingExpenses": "37940000", "investmentIncomeNet": "None", "netInterestIncome": "None", "interestIncome": "None", "interestExpense": "206000", "nonInterestIncome": "None", "otherNonOperatingIncome": "None", "depreciation": "None", "depreciationAndAmortization": "49000", "incomeBeforeTax": "-37034000", "incomeTaxExpense": "-206000", "interestAndDebtExpense": "None", "netIncomeFromContinuingOperations": "-37734000", "comprehensiveIncomeNetOfTax": "None", "ebit": "-37940000", "ebitda": "-37891000", "netIncome": "-37034000"}, {"fiscalDateEnding": "2013-12-31", "reportedCurrency": "USD", "grossProfit": "None", "totalRevenue": "None", "costOfRevenue": "None", "costofGoodsAndServicesSold": "None", "operatingIncome": "-15933221", "sellingGeneralAndAdministrative": "5151621", "researchAndDevelopment": "10781600", "operatingExpenses": "15933221", "investmentIncomeNet": "None", "netInterestIncome": "None", "interestIncome": "None", "interestExpense": "703569", "nonInterestIncome": "None", "otherNonOperatingIncome": "None", "depreciation": "None", "depreciationAndAmortization": "1282", "incomeBeforeTax": "-13167180", "incomeTaxExpense": "1753413", "interestAndDebtExpense": "None", "netIncomeFromContinuingOperations": "None", "comprehensiveIncomeNetOfTax": "None", "ebit": "-12463615", "ebitda": "-12462333", "netIncome": "-13167180"}, {"fiscalDateEnding": "2012-12-31", "reportedCurrency": "USD", "grossProfit": "None", "totalRevenue": "None", "costOfRevenue": "None", "costofGoodsAndServicesSold": "None", "operatingIncome": "-8523000", "sellingGeneralAndAdministrative": "2891000", "researchAndDevelopment": "5632000", "operatingExpenses": "8523000", "investmentIncomeNet": "None", "netInterestIncome": "None", "interestIncome": "None", "interestExpense": "1644000", "nonInterestIncome": "None", "otherNonOperatingIncome": "None", "depreciation": "None", "depreciationAndAmortization": "39155", "incomeBeforeTax": "-8196000", "incomeTaxExpense": "1604845", "interestAndDebtExpense": "None", "netIncomeFromContinuingOperations": "None", "comprehensiveIncomeNetOfTax": "None", "ebit": "-8523000", "ebitda": "-8523000", "netIncome": "-8196000"}], "quarterlyReports": [{"fiscalDateEnding": "2025-09-30", "reportedCurrency": "USD", "grossProfit": "49065000", "totalRevenue": "58766000", "costOfRevenue": "9701000", "costofGoodsAndServicesSold": "9701000", "operatingIncome": "4449000", "sellingGeneralAndAdministrative": "29094000", "researchAndDevelopment": "14626000", "operatingExpenses": "44616000", "investmentIncomeNet": "None", "netInterestIncome": "-4748000", "interestIncome": "None", "interestExpense": "4748000", "nonInterestIncome": "None", "otherNonOperatingIncome": "None", "depreciation": "None", "depreciationAndAmortization": "318000", "incomeBeforeTax": "1155000", "incomeTaxExpense": "615000", "interestAndDebtExpense": "None", "netIncomeFromContinuingOperations": "540000", "comprehensiveIncomeNetOfTax": "None", "ebit": "5903000", "ebitda": "6221000", "netIncome": "540000"}, {"fiscalDateEnding": "2025-06-30", "reportedCurrency": "USD", "grossProfit": "52553000", "totalRevenue": "62472000", "costOfRevenue": "9919000", "costofGoodsAndServicesSold": "9919000", "operatingIncome": "14089000", "sellingGeneralAndAdministrative": "26555000", "researchAndDevelopment": "11013000", "operatingExpenses": "38464000", "investmentIncomeNet": "None", "netInterestIncome": "-6834000", "interestIncome": "None", "interestExpense": "6834000", "nonInterestIncome": "None", "otherNonOperatingIncome": "None", "depreciation": "None", "depreciationAndAmortization": "316000", "incomeBeforeTax": "247000", "incomeTaxExpense": "None", "interestAndDebtExpense": "None", "netIncomeFromContinuingOperations": "247000", "comprehensiveIncomeNetOfTax": "None", "ebit": "7081000", "ebitda": "7397000", "netIncome": "247000"}, {"fiscalDateEnding": "2025-03-31", "reportedCurrency": "USD", "grossProfit": "49711000", "totalRevenue": "57336000", "costOfRevenue": "7625000", "costofGoodsAndServicesSold": "7625000", "operatingIncome": "13514000", "sellingGeneralAndAdministrative": "25742000", "researchAndDevelopment": "9754000", "operatingExpenses": "36197000", "investmentIncomeNet": "None", "netInterestIncome": "-7770000", "interestIncome": "None", "interestExpense": "7770000", "nonInterestIncome": "None", "otherNonOperatingIncome": "None", "depreciation": "None", "depreciationAndAmortization": "314000", "incomeBeforeTax": "6112000", "incomeTaxExpense": "None", "interestAndDebtExpense": "None", "netIncomeFromContinuingOperations": "6112000", "comprehensiveIncomeNetOfTax": "None", "ebit": "13882000", "ebitda": "14196000", "netIncome": "6112000"}, {"fiscalDateEnding": "2024-12-31", "reportedCurrency": "USD", "grossProfit": "26132000", "totalRevenue": "46497000", "costOfRevenue": "20365000", "costofGoodsAndServicesSold": "20365000", "operatingIncome": "-14307000", "sellingGeneralAndAdministrative": "23075000", "researchAndDevelopment": "11786000", "operatingExpenses": "40439000", "investmentIncomeNet": "None", "netInterestIncome": "-6877000", "interestIncome": "None", "interestExpense": "6877000", "nonInterestIncome": "None", "otherNonOperatingIncome": "None", "depreciation": "None", "depreciationAndAmortization": "9345000", "incomeBeforeTax": "-22804000", "incomeTaxExpense": "None", "interestAndDebtExpense": "None", "netIncomeFromContinuingOperations": "-22804000", "comprehensiveIncomeNetOfTax": "None", "ebit": "-15927000", "ebitda": "-6582000", "netIncome": "-22804000"}, {"fiscalDateEnding": "2024-09-30", "reportedCurrency": "USD", "grossProfit": "23267000", "totalRevenue": "37428000", "costOfRevenue": "14161000", "costofGoodsAndServicesSold": "14161000", "operatingIncome": "-12505000", "sellingGeneralAndAdministrative": "26516000", "researchAndDevelopment": "8487000", "operatingExpenses": "35772000", "investmentIncomeNet": "None", "netInterestIncome": "-6661000", "interestIncome": "None", "interestExpense": "6661000", "nonInterestIncome": "None", "otherNonOperatingIncome": "None", "depreciation": "None", "depreciationAndAmortization": "9374000", "incomeBeforeTax": "-20039000", "incomeTaxExpense": "None", "interestAndDebtExpense": "None", "netIncomeFromContinuingOperations": "-20039000", "comprehensiveIncomeNetOfTax": "None", "ebit": "-13378000", "ebitda": "-4004000", "netIncome": "-20039000"}, {"fiscalDateEnding": "2024-06-30", "reportedCurrency": "USD", "grossProfit": "35350000", "totalRevenue": "43648000", "costOfRevenue": "8298000", "costofGoodsAndServicesSold": "8298000", "operatingIncome": "-8725000", "sellingGeneralAndAdministrative": "26917000", "researchAndDevelopment": "7647000", "operatingExpenses": "44075000", "investmentIncomeNet": "None", "netInterestIncome": "-2149000", "interestIncome": "None", "interestExpense": "2149000", "nonInterestIncome": "None", "otherNonOperatingIncome": "None", "depreciation": "None", "depreciationAndAmortization": "9410000", "incomeBeforeTax": "-8582000", "incomeTaxExpense": "None", "interestAndDebtExpense": "None", "netIncomeFromContinuingOperations": "-8582000", "comprehensiveIncomeNetOfTax": "None", "ebit": "-8225000", "ebitda": "1185000", "netIncome": "-8582000"}, {"fiscalDateEnding": "2024-03-31", "reportedCurrency": "USD", "grossProfit": "29892000", "totalRevenue": "32607000", "costOfRevenue": "2715000", "costofGoodsAndServicesSold": "2715000", "operatingIncome": "-14936000", "sellingGeneralAndAdministrative": "25438000", "researchAndDevelopment": "9731000", "operatingExpenses": "44828000", "investmentIncomeNet": "None", "netInterestIncome": "-2498000", "interestIncome": "None", "interestExpense": "2498000", "nonInterestIncome": "None", "otherNonOperatingIncome": "None", "depreciation": "None", "depreciationAndAmortization": "9375000", "incomeBeforeTax": "-17985000", "incomeTaxExpense": "9331724", "interestAndDebtExpense": "None", "netIncomeFromContinuingOperations": "-17985000", "comprehensiveIncomeNetOfTax": "None", "ebit": "-14288000", "ebitda": "-4913000", "netIncome": "-17985000"}, {"fiscalDateEnding": "2023-12-31", "reportedCurrency": "USD", "grossProfit": "37531000", "totalRevenue": "56196000", "costOfRevenue": "18665000", "costofGoodsAndServicesSold": "18665000", "operatingIncome": "1374000", "sellingGeneralAndAdministrative": "854000", "researchAndDevelopment": "9865000", "operatingExpenses": "36157000", "investmentIncomeNet": "None", "netInterestIncome": "-1418000", "interestIncome": "None", "interestExpense": "1418000", "nonInterestIncome": "None", "otherNonOperatingIncome": "None", "depreciation": "None", "depreciationAndAmortization": "9404000", "incomeBeforeTax": "614000", "incomeTaxExpense": "-1000", "interestAndDebtExpense": "None", "netIncomeFromContinuingOperations": "614000", "comprehensiveIncomeNetOfTax": "None", "ebit": "2032000", "ebitda": "11436000", "netIncome": "614000"}, {"fiscalDateEnding": "2023-09-30", "reportedCurrency": "USD", "grossProfit": "24037000", "totalRevenue": "42046000", "costOfRevenue": "18009000", "costofGoodsAndServicesSold": "18009000", "operatingIncome": "-13036000", "sellingGeneralAndAdministrative": "22710000", "researchAndDevelopment": "13330000", "operatingExpenses": "37073000", "investmentIncomeNet": "None", "netInterestIncome": "-1410000", "interestIncome": "None", "interestExpense": "1410000", "nonInterestIncome": "None", "otherNonOperatingIncome": "None", "depreciation": "None", "depreciationAndAmortization": "9407000", "incomeBeforeTax": "-14489000", "incomeTaxExpense": "1367000", "interestAndDebtExpense": "None", "netIncomeFromContinuingOperations": "-14489000", "comprehensiveIncomeNetOfTax": "None", "ebit": "-13079000", "ebitda": "-3672000", "netIncome": "-14489000"}, {"fiscalDateEnding": "2023-06-30", "reportedCurrency": "USD", "grossProfit": "39092000", "totalRevenue": "56376000", "costOfRevenue": "17284000", "costofGoodsAndServicesSold": "17284000", "operatingIncome": "-8996000", "sellingGeneralAndAdministrative": "27036000", "researchAndDevelopment": "20197000", "operatingExpenses": "48088000", "investmentIncomeNet": "None", "netInterestIncome": "-1642000", "interestIncome": "None", "interestExpense": "1642000", "nonInterestIncome": "None", "otherNonOperatingIncome": "-10000", "depreciation": "None", "depreciationAndAmortization": "9407000", "incomeBeforeTax": "-11172000", "incomeTaxExpense": "94000", "interestAndDebtExpense": "None", "netIncomeFromContinuingOperations": "-10648000", "comprehensiveIncomeNetOfTax": "None", "ebit": "-9530000", "ebitda": "-123000", "netIncome": "-11172000"}, {"fiscalDateEnding": "2023-03-31", "reportedCurrency": "USD", "grossProfit": "19816000", "totalRevenue": "40005000", "costOfRevenue": "20189000", "costofGoodsAndServicesSold": "20189000", "operatingIncome": "-25597000", "sellingGeneralAndAdministrative": "168000", "researchAndDevelopment": "19686000", "operatingExpenses": "45413000", "investmentIncomeNet": "None", "netInterestIncome": "-1561000", "interestIncome": "None", "interestExpense": "1561000", "nonInterestIncome": "None", "otherNonOperatingIncome": "282000", "depreciation": "None", "depreciationAndAmortization": "9409000", "incomeBeforeTax": "-26876000", "incomeTaxExpense": "-9479000", "interestAndDebtExpense": "None", "netIncomeFromContinuingOperations": "-26217000", "comprehensiveIncomeNetOfTax": "None", "ebit": "-25315000", "ebitda": "-15906000", "netIncome": "-26876000"}, {"fiscalDateEnding": "2022-12-31", "reportedCurrency": "USD", "grossProfit": "58275000", "totalRevenue": "55180000", "costOfRevenue": "-3095000", "costofGoodsAndServicesSold": "-3095000", "operatingIncome": "-6350000", "sellingGeneralAndAdministrative": "23208000", "researchAndDevelopment": "31904000", "operatingExpenses": "64625000", "investmentIncomeNet": "None", "netInterestIncome": "-1636000", "interestIncome": "None", "interestExpense": "1636000", "nonInterestIncome": "None", "otherNonOperatingIncome": "None", "depreciation": "None", "depreciationAndAmortization": "9419000", "incomeBeforeTax": "-7552000", "incomeTaxExpense": "1203000", "interestAndDebtExpense": "None", "netIncomeFromContinuingOperations": "-7552000", "comprehensiveIncomeNetOfTax": "None", "ebit": "7777000", "ebitda": "17196000", "netIncome": "-7552000"}, {"fiscalDateEnding": "2022-09-30", "reportedCurrency": "USD", "grossProfit": "10433000", "totalRevenue": "48714000", "costOfRevenue": "38281000", "costofGoodsAndServicesSold": "38281000", "operatingIncome": "-50405000", "sellingGeneralAndAdministrative": "31661000", "researchAndDevelopment": "28028000", "operatingExpenses": "60838000", "investmentIncomeNet": "None", "netInterestIncome": "-3952000", "interestIncome": "None", "interestExpense": "3952000", "nonInterestIncome": "None", "otherNonOperatingIncome": "None", "depreciation": "None", "depreciationAndAmortization": "9424000", "incomeBeforeTax": "-54096000", "incomeTaxExpense": "3871000", "interestAndDebtExpense": "None", "netIncomeFromContinuingOperations": "-51865000", "comprehensiveIncomeNetOfTax": "None", "ebit": "-50144000", "ebitda": "-40720000", "netIncome": "-54096000"}, {"fiscalDateEnding": "2022-06-30", "reportedCurrency": "USD", "grossProfit": "107765000", "totalRevenue": "126365000", "costOfRevenue": "18600000", "costofGoodsAndServicesSold": "18600000", "operatingIncome": "34075000", "sellingGeneralAndAdministrative": "33699000", "researchAndDevelopment": "26027000", "operatingExpenses": "73690000", "investmentIncomeNet": "None", "netInterestIncome": "-5037000", "interestIncome": "None", "interestExpense": "5037000", "nonInterestIncome": "None", "otherNonOperatingIncome": "None", "depreciation": "None", "depreciationAndAmortization": "9426000", "incomeBeforeTax": "29449000", "incomeTaxExpense": "4626000", "interestAndDebtExpense": "None", "netIncomeFromContinuingOperations": "29276000", "comprehensiveIncomeNetOfTax": "None", "ebit": "34486000", "ebitda": "43912000", "netIncome": "29449000"}, {"fiscalDateEnding": "2022-03-31", "reportedCurrency": "USD", "grossProfit": "30355000", "totalRevenue": "61699000", "costOfRevenue": "31344000", "costofGoodsAndServicesSold": "31344000", "operatingIncome": "-58493000", "sellingGeneralAndAdministrative": "45015000", "researchAndDevelopment": "43833000", "operatingExpenses": "88848000", "investmentIncomeNet": "None", "netInterestIncome": "-5062000", "interestIncome": "None", "interestExpense": "5062000", "nonInterestIncome": "None", "otherNonOperatingIncome": "None", "depreciation": "None", "depreciationAndAmortization": "9428000", "incomeBeforeTax": "-62421000", "incomeTaxExpense": "3928000", "interestAndDebtExpense": "None", "netIncomeFromContinuingOperations": "-62421000", "comprehensiveIncomeNetOfTax": "None", "ebit": "-57359000", "ebitda": "-47931000", "netIncome": "-62421000"}, {"fiscalDateEnding": "2021-12-31", "reportedCurrency": "USD", "grossProfit": "25954000", "totalRevenue": "57677000", "costOfRevenue": "31723000", "costofGoodsAndServicesSold": "31723000", "operatingIncome": "-65339000", "sellingGeneralAndAdministrative": "36604001", "researchAndDevelopment": "29556000", "operatingExpenses": "91293000", "investmentIncomeNet": "None", "netInterestIncome": "-5083000", "interestIncome": "None", "interestExpense": "5083000", "nonInterestIncome": "None", "otherNonOperatingIncome": "561000", "depreciation": "None", "depreciationAndAmortization": "9453000", "incomeBeforeTax": "-69862000", "incomeTaxExpense": "-5083000", "interestAndDebtExpense": "None", "netIncomeFromContinuingOperations": "-70678000", "comprehensiveIncomeNetOfTax": "None", "ebit": "-57416000", "ebitda": "-47963000", "netIncome": "-69862000"}, {"fiscalDateEnding": "2021-09-30", "reportedCurrency": "USD", "grossProfit": "32812000", "totalRevenue": "48756000", "costOfRevenue": "15944000", "costofGoodsAndServicesSold": "15944000", "operatingIncome": "-54886000", "sellingGeneralAndAdministrative": "47227000", "researchAndDevelopment": "40471000", "operatingExpenses": "87698000", "investmentIncomeNet": "None", "netInterestIncome": "-5085000", "interestIncome": "None", "interestExpense": "5085000", "nonInterestIncome": "None", "otherNonOperatingIncome": "427000", "depreciation": "None", "depreciationAndAmortization": "9484000", "incomeBeforeTax": "-59544000", "incomeTaxExpense": "5512000", "interestAndDebtExpense": "None", "netIncomeFromContinuingOperations": "-59544000", "comprehensiveIncomeNetOfTax": "None", "ebit": "-54459000", "ebitda": "-44975000", "netIncome": "-59544000"}, {"fiscalDateEnding": "2021-06-30", "reportedCurrency": "USD", "grossProfit": "418000", "totalRevenue": "52913000", "costOfRevenue": "52495000", "costofGoodsAndServicesSold": "52495000", "operatingIncome": "-79341000", "sellingGeneralAndAdministrative": "42545000", "researchAndDevelopment": "37214000", "operatingExpenses": "79759000", "investmentIncomeNet": "None", "netInterestIncome": "-4962000", "interestIncome": "None", "interestExpense": "4962000", "nonInterestIncome": "None", "otherNonOperatingIncome": "1265000", "depreciation": "None", "depreciationAndAmortization": "9039000", "incomeBeforeTax": "-83038000", "incomeTaxExpense": "6227000", "interestAndDebtExpense": "None", "netIncomeFromContinuingOperations": "-83038000", "comprehensiveIncomeNetOfTax": "None", "ebit": "-78076000", "ebitda": "-69037000", "netIncome": "-83038000"}, {"fiscalDateEnding": "2021-03-31", "reportedCurrency": "USD", "grossProfit": "17698000", "totalRevenue": "52304000", "costOfRevenue": "34606000", "costofGoodsAndServicesSold": "34606000", "operatingIncome": "-64936000", "sellingGeneralAndAdministrative": "42023000", "researchAndDevelopment": "40611000", "operatingExpenses": "82634000", "investmentIncomeNet": "None", "netInterestIncome": "-4805000", "interestIncome": "None", "interestExpense": "4805000", "nonInterestIncome": "None", "otherNonOperatingIncome": "161000", "depreciation": "None", "depreciationAndAmortization": "9524000", "incomeBeforeTax": "-69580000", "incomeTaxExpense": "4966000", "interestAndDebtExpense": "None", "netIncomeFromContinuingOperations": "-69580000", "comprehensiveIncomeNetOfTax": "None", "ebit": "-64775000", "ebitda": "-55251000", "netIncome": "-69580000"}, {"fiscalDateEnding": "2020-12-31", "reportedCurrency": "USD", "grossProfit": "29876000", "totalRevenue": "56699000", "costOfRevenue": "26823000", "costofGoodsAndServicesSold": "26823000", "operatingIncome": "-85403000", "sellingGeneralAndAdministrative": "35311000", "researchAndDevelopment": "37578000", "operatingExpenses": "115279000", "investmentIncomeNet": "None", "netInterestIncome": "-2317000", "interestIncome": "None", "interestExpense": "2317000", "nonInterestIncome": "None", "otherNonOperatingIncome": "720000", "depreciation": "None", "depreciationAndAmortization": "7724000", "incomeBeforeTax": "-87000000", "incomeTaxExpense": "-7724000", "interestAndDebtExpense": "None", "netIncomeFromContinuingOperations": "-87000000", "comprehensiveIncomeNetOfTax": "None", "ebit": "-55221000", "ebitda": "-47497000", "netIncome": "-87000000"}, {"fiscalDateEnding": "2020-09-30", "reportedCurrency": "USD", "grossProfit": "29643000", "totalRevenue": "59988000", "costOfRevenue": "30345000", "costofGoodsAndServicesSold": "30345000", "operatingIncome": "-58095000", "sellingGeneralAndAdministrative": "40881000", "researchAndDevelopment": "46857000", "operatingExpenses": "87738000", "investmentIncomeNet": "None", "netInterestIncome": "-2274000", "interestIncome": "None", "interestExpense": "2274000", "nonInterestIncome": "None", "otherNonOperatingIncome": "410000", "depreciation": "None", "depreciationAndAmortization": "6620000", "incomeBeforeTax": "-59959000", "incomeTaxExpense": "2684000", "interestAndDebtExpense": "None", "netIncomeFromContinuingOperations": "-59959000", "comprehensiveIncomeNetOfTax": "None", "ebit": "-57685000", "ebitda": "-51065000", "netIncome": "-59959000"}, {"fiscalDateEnding": "2020-06-30", "reportedCurrency": "USD", "grossProfit": "-84474000", "totalRevenue": "90142000", "costOfRevenue": "174616000", "costofGoodsAndServicesSold": "174616000", "operatingIncome": "-173819000", "sellingGeneralAndAdministrative": "36526000", "researchAndDevelopment": "52819000", "operatingExpenses": "89345000", "investmentIncomeNet": "None", "netInterestIncome": "-2308000", "interestIncome": "None", "interestExpense": "2308000", "nonInterestIncome": "None", "otherNonOperatingIncome": "376000", "depreciation": "None", "depreciationAndAmortization": "9621000", "incomeBeforeTax": "-175751000", "incomeTaxExpense": "2308000", "interestAndDebtExpense": "None", "netIncomeFromContinuingOperations": "-175751000", "comprehensiveIncomeNetOfTax": "None", "ebit": "-173443000", "ebitda": "-163822000", "netIncome": "-175751000"}, {"fiscalDateEnding": "2020-03-31", "reportedCurrency": "USD", "grossProfit": "60765000", "totalRevenue": "88478000", "costOfRevenue": "27713000", "costofGoodsAndServicesSold": "27713000", "operatingIncome": "-59125000", "sellingGeneralAndAdministrative": "38659000", "researchAndDevelopment": "81231000", "operatingExpenses": "119890000", "investmentIncomeNet": "None", "netInterestIncome": "-1972000", "interestIncome": "1972000", "interestExpense": "1972000", "nonInterestIncome": "None", "otherNonOperatingIncome": "350000", "depreciation": "None", "depreciationAndAmortization": "9625000", "incomeBeforeTax": "-60747000", "incomeTaxExpense": "2322000", "interestAndDebtExpense": "None", "netIncomeFromContinuingOperations": "-60747000", "comprehensiveIncomeNetOfTax": "None", "ebit": "-58775000", "ebitda": "-49150000", "netIncome": "-60747000"}, {"fiscalDateEnding": "2019-12-31", "reportedCurrency": "USD", "grossProfit": "59523000", "totalRevenue": "69555000", "costOfRevenue": "10032000", "costofGoodsAndServicesSold": "10032000", "operatingIncome": "-94891000", "sellingGeneralAndAdministrative": "38918000", "researchAndDevelopment": "80412000", "operatingExpenses": "154414000", "investmentIncomeNet": "None", "netInterestIncome": "-790000", "interestIncome": "790000", "interestExpense": "790000", "nonInterestIncome": "None", "otherNonOperatingIncome": "-554000", "depreciation": "None", "depreciationAndAmortization": "9686000", "incomeBeforeTax": "-92731000", "incomeTaxExpense": "1752000", "interestAndDebtExpense": "None", "netIncomeFromContinuingOperations": "-94483000", "comprehensiveIncomeNetOfTax": "None", "ebit": "-74907000", "ebitda": "-65221000", "netIncome": "-94483000"}, {"fiscalDateEnding": "2019-09-30", "reportedCurrency": "USD", "grossProfit": "53714000", "totalRevenue": "91977000", "costOfRevenue": "38263000", "costofGoodsAndServicesSold": "38263000", "operatingIncome": "-55905000", "sellingGeneralAndAdministrative": "35107000", "researchAndDevelopment": "74512000", "operatingExpenses": "109619000", "investmentIncomeNet": "None", "netInterestIncome": "228000", "interestIncome": "228000", "interestExpense": "228000", "nonInterestIncome": "None", "otherNonOperatingIncome": "-185000", "depreciation": "None", "depreciationAndAmortization": "9734000", "incomeBeforeTax": "-55862000", "incomeTaxExpense": "-1277000", "interestAndDebtExpense": "None", "netIncomeFromContinuingOperations": "-54585000", "comprehensiveIncomeNetOfTax": "None", "ebit": "-55895000", "ebitda": "-46161000", "netIncome": "-54585000"}, {"fiscalDateEnding": "2019-06-30", "reportedCurrency": "USD", "grossProfit": "63134000", "totalRevenue": "100803000", "costOfRevenue": "37669000", "costofGoodsAndServicesSold": "37669000", "operatingIncome": "-59523000", "sellingGeneralAndAdministrative": "36963000", "researchAndDevelopment": "85694000", "operatingExpenses": "122657000", "investmentIncomeNet": "None", "netInterestIncome": "485000", "interestIncome": "485000", "interestExpense": "485000", "nonInterestIncome": "None", "otherNonOperatingIncome": "23000", "depreciation": "None", "depreciationAndAmortization": "9687000", "incomeBeforeTax": "-59015000", "incomeTaxExpense": "-845000", "interestAndDebtExpense": "None", "netIncomeFromContinuingOperations": "-58170000", "comprehensiveIncomeNetOfTax": "None", "ebit": "-59002000", "ebitda": "-49315000", "netIncome": "-58170000"}, {"fiscalDateEnding": "2019-03-31", "reportedCurrency": "USD", "grossProfit": "41409000", "totalRevenue": "72666000", "costOfRevenue": "31257000", "costofGoodsAndServicesSold": "31257000", "operatingIncome": "-75969000", "sellingGeneralAndAdministrative": "35027000", "researchAndDevelopment": "82351000", "operatingExpenses": "117378000", "investmentIncomeNet": "None", "netInterestIncome": "869000", "interestIncome": "869000", "interestExpense": "869000", "nonInterestIncome": "None", "otherNonOperatingIncome": "-78000", "depreciation": "None", "depreciationAndAmortization": "9539000", "incomeBeforeTax": "-75178000", "incomeTaxExpense": "-2757000", "interestAndDebtExpense": "None", "netIncomeFromContinuingOperations": "-72421000", "comprehensiveIncomeNetOfTax": "None", "ebit": "-75178000", "ebitda": "-65639000", "netIncome": "-72421000"}, {"fiscalDateEnding": "2018-12-31", "reportedCurrency": "USD", "grossProfit": "52165000", "totalRevenue": "59850000", "costOfRevenue": "7685000", "costofGoodsAndServicesSold": "7685000", "operatingIncome": "-90136000", "sellingGeneralAndAdministrative": "55188000", "researchAndDevelopment": "87113000", "operatingExpenses": "142301000", "investmentIncomeNet": "None", "netInterestIncome": "None", "interestIncome": "None", "interestExpense": "1737000", "nonInterestIncome": "None", "otherNonOperatingIncome": "29000", "depreciation": "None", "depreciationAndAmortization": "1783000", "incomeBeforeTax": "-88370000", "incomeTaxExpense": "-28338000", "interestAndDebtExpense": "None", "netIncomeFromContinuingOperations": "-60054000", "comprehensiveIncomeNetOfTax": "None", "ebit": "-88458000", "ebitda": "-86675000", "netIncome": "-88370000"}, {"fiscalDateEnding": "2018-09-30", "reportedCurrency": "USD", "grossProfit": "-17465000", "totalRevenue": "53169000", "costOfRevenue": "70634000", "costofGoodsAndServicesSold": "70634000", "operatingIncome": "-27843000", "sellingGeneralAndAdministrative": "10378000", "researchAndDevelopment": "70634000", "operatingExpenses": "81012000", "investmentIncomeNet": "None", "netInterestIncome": "None", "interestIncome": "None", "interestExpense": "1780000", "nonInterestIncome": "None", "otherNonOperatingIncome": "16000", "depreciation": "None", "depreciationAndAmortization": "225000", "incomeBeforeTax": "-26047000", "incomeTaxExpense": "-1780000", "interestAndDebtExpense": "None", "netIncomeFromContinuingOperations": "-26047000", "comprehensiveIncomeNetOfTax": "None", "ebit": "-27843000", "ebitda": "-27618000", "netIncome": "-26047000"}, {"fiscalDateEnding": "2018-06-30", "reportedCurrency": "USD", "grossProfit": "-23124000", "totalRevenue": "48793000", "costOfRevenue": "71917000", "costofGoodsAndServicesSold": "71917000", "operatingIncome": "-35662000", "sellingGeneralAndAdministrative": "12538000", "researchAndDevelopment": "71917000", "operatingExpenses": "84455000", "investmentIncomeNet": "None", "netInterestIncome": "None", "interestIncome": "None", "interestExpense": "1561000", "nonInterestIncome": "None", "otherNonOperatingIncome": "32000", "depreciation": "None", "depreciationAndAmortization": "214000", "incomeBeforeTax": "-34069000", "incomeTaxExpense": "-1561000", "interestAndDebtExpense": "None", "netIncomeFromContinuingOperations": "-34069000", "comprehensiveIncomeNetOfTax": "None", "ebit": "-35662000", "ebitda": "-35448000", "netIncome": "-34069000"}, {"fiscalDateEnding": "2018-03-31", "reportedCurrency": "USD", "grossProfit": "-15474000", "totalRevenue": "45930000", "costOfRevenue": "61404000", "costofGoodsAndServicesSold": "61404000", "operatingIncome": "-24498000", "sellingGeneralAndAdministrative": "9024000", "researchAndDevelopment": "61404000", "operatingExpenses": "70428000", "investmentIncomeNet": "None", "netInterestIncome": "None", "interestIncome": "None", "interestExpense": "1076000", "nonInterestIncome": "None", "otherNonOperatingIncome": "4000", "depreciation": "None", "depreciationAndAmortization": "199000", "incomeBeforeTax": "-23418000", "incomeTaxExpense": "-1076000", "interestAndDebtExpense": "None", "netIncomeFromContinuingOperations": "-23418000", "comprehensiveIncomeNetOfTax": "None", "ebit": "-24498000", "ebitda": "-24299000", "netIncome": "-23418000"}, {"fiscalDateEnding": "2017-12-31", "reportedCurrency": "USD", "grossProfit": "18934000", "totalRevenue": "87316000", "costOfRevenue": "68382000", "costofGoodsAndServicesSold": "68382000", "operatingIncome": "11367000", "sellingGeneralAndAdministrative": "7567000", "researchAndDevelopment": "68382000", "operatingExpenses": "75949000", "investmentIncomeNet": "None", "netInterestIncome": "None", "interestIncome": "None", "interestExpense": "913000", "nonInterestIncome": "None", "otherNonOperatingIncome": "-1885000", "depreciation": "None", "depreciationAndAmortization": "197000", "incomeBeforeTax": "12280000", "incomeTaxExpense": "0", "interestAndDebtExpense": "None", "netIncomeFromContinuingOperations": "12281000", "comprehensiveIncomeNetOfTax": "None", "ebit": "11367000", "ebitda": "11564000", "netIncome": "12280000"}, {"fiscalDateEnding": "2017-09-30", "reportedCurrency": "USD", "grossProfit": "-17428000", "totalRevenue": "41283000", "costOfRevenue": "58711000", "costofGoodsAndServicesSold": "58711000", "operatingIncome": "-24176000", "sellingGeneralAndAdministrative": "6748000", "researchAndDevelopment": "58711000", "operatingExpenses": "65459000", "investmentIncomeNet": "None", "netInterestIncome": "None", "interestIncome": "None", "interestExpense": "842000", "nonInterestIncome": "None", "otherNonOperatingIncome": "1042000", "depreciation": "None", "depreciationAndAmortization": "167000", "incomeBeforeTax": "-23134000", "incomeTaxExpense": "-842000", "interestAndDebtExpense": "None", "netIncomeFromContinuingOperations": "-23134000", "comprehensiveIncomeNetOfTax": "None", "ebit": "-24176000", "ebitda": "-24009000", "netIncome": "-23134000"}, {"fiscalDateEnding": "2017-06-30", "reportedCurrency": "USD", "grossProfit": "-15231000", "totalRevenue": "28520000", "costOfRevenue": "43751000", "costofGoodsAndServicesSold": "43751000", "operatingIncome": "-22136000", "sellingGeneralAndAdministrative": "6905000", "researchAndDevelopment": "43751000", "operatingExpenses": "50656000", "investmentIncomeNet": "None", "netInterestIncome": "None", "interestIncome": "None", "interestExpense": "608000", "nonInterestIncome": "None", "otherNonOperatingIncome": "618000", "depreciation": "None", "depreciationAndAmortization": "118000", "incomeBeforeTax": "-21518000", "incomeTaxExpense": "-608000", "interestAndDebtExpense": "None", "netIncomeFromContinuingOperations": "-21518000", "comprehensiveIncomeNetOfTax": "None", "ebit": "-22136000", "ebitda": "-22018000", "netIncome": "-21518000"}, {"fiscalDateEnding": "2017-03-31", "reportedCurrency": "USD", "grossProfit": "-39184000", "totalRevenue": "20865000", "costOfRevenue": "60049000", "costofGoodsAndServicesSold": "60049000", "operatingIncome": "-44972000", "sellingGeneralAndAdministrative": "5788000", "researchAndDevelopment": "60049000", "operatingExpenses": "65837000", "investmentIncomeNet": "None", "netInterestIncome": "None", "interestIncome": "None", "interestExpense": "435000", "nonInterestIncome": "None", "otherNonOperatingIncome": "429000", "depreciation": "None", "depreciationAndAmortization": "135000", "incomeBeforeTax": "-44543000", "incomeTaxExpense": "-435000", "interestAndDebtExpense": "None", "netIncomeFromContinuingOperations": "-44543000", "comprehensiveIncomeNetOfTax": "None", "ebit": "-44972000", "ebitda": "-44837000", "netIncome": "-44543000"}, {"fiscalDateEnding": "2016-12-31", "reportedCurrency": "USD", "grossProfit": "-31900000", "totalRevenue": "1535000", "costOfRevenue": "33435000", "costofGoodsAndServicesSold": "33435000", "operatingIncome": "-38044000", "sellingGeneralAndAdministrative": "6144000", "researchAndDevelopment": "33435000", "operatingExpenses": "39579000", "investmentIncomeNet": "None", "netInterestIncome": "None", "interestIncome": "None", "interestExpense": "179000", "nonInterestIncome": "None", "otherNonOperatingIncome": "416000", "depreciation": "None", "depreciationAndAmortization": "124000", "incomeBeforeTax": "-37862000", "incomeTaxExpense": "-179000", "interestAndDebtExpense": "None", "netIncomeFromContinuingOperations": "-37862000", "comprehensiveIncomeNetOfTax": "None", "ebit": "-38044000", "ebitda": "-37920000", "netIncome": "-37862000"}, {"fiscalDateEnding": "2016-09-30", "reportedCurrency": "USD", "grossProfit": "-31238000", "totalRevenue": "0", "costOfRevenue": "31238000", "costofGoodsAndServicesSold": "31238000", "operatingIncome": "-36182000", "sellingGeneralAndAdministrative": "4944000", "researchAndDevelopment": "31238000", "operatingExpenses": "36182000", "investmentIncomeNet": "None", "netInterestIncome": "None", "interestIncome": "None", "interestExpense": "219000", "nonInterestIncome": "None", "otherNonOperatingIncome": "-126000", "depreciation": "None", "depreciationAndAmortization": "94000", "incomeBeforeTax": "-36308000", "incomeTaxExpense": "-219000", "interestAndDebtExpense": "None", "netIncomeFromContinuingOperations": "-36308000", "comprehensiveIncomeNetOfTax": "None", "ebit": "-36182000", "ebitda": "-36088000", "netIncome": "-36308000"}, {"fiscalDateEnding": "2016-06-30", "reportedCurrency": "USD", "grossProfit": "-30877000", "totalRevenue": "0", "costOfRevenue": "30877000", "costofGoodsAndServicesSold": "30877000", "operatingIncome": "-36188000", "sellingGeneralAndAdministrative": "5311000", "researchAndDevelopment": "30877000", "operatingExpenses": "36188000", "investmentIncomeNet": "None", "netInterestIncome": "None", "interestIncome": "None", "interestExpense": "270000", "nonInterestIncome": "None", "otherNonOperatingIncome": "409000", "depreciation": "None", "depreciationAndAmortization": "46000", "incomeBeforeTax": "-35779000", "incomeTaxExpense": "-270000", "interestAndDebtExpense": "None", "netIncomeFromContinuingOperations": "-35779000", "comprehensiveIncomeNetOfTax": "None", "ebit": "-36188000", "ebitda": "-36142000", "netIncome": "-35779000"}, {"fiscalDateEnding": "2016-03-31", "reportedCurrency": "USD", "grossProfit": "-20235000", "totalRevenue": "0", "costOfRevenue": "20235000", "costofGoodsAndServicesSold": "20235000", "operatingIncome": "-26046000", "sellingGeneralAndAdministrative": "5811000", "researchAndDevelopment": "20235000", "operatingExpenses": "26046000", "investmentIncomeNet": "None", "netInterestIncome": "None", "interestIncome": "None", "interestExpense": "234000", "nonInterestIncome": "None", "otherNonOperatingIncome": "14000", "depreciation": "None", "depreciationAndAmortization": "32000", "incomeBeforeTax": "-25798000", "incomeTaxExpense": "-234000", "interestAndDebtExpense": "None", "netIncomeFromContinuingOperations": "-25798000", "comprehensiveIncomeNetOfTax": "None", "ebit": "-26046000", "ebitda": "-26014000", "netIncome": "-25798000"}, {"fiscalDateEnding": "2015-12-31", "reportedCurrency": "USD", "grossProfit": "-43016000", "totalRevenue": "0", "costOfRevenue": "43016000", "costofGoodsAndServicesSold": "43016000", "operatingIncome": "-20050000", "sellingGeneralAndAdministrative": "7511000", "researchAndDevelopment": "12539000", "operatingExpenses": "20050000", "investmentIncomeNet": "None", "netInterestIncome": "None", "interestIncome": "None", "interestExpense": "160000", "nonInterestIncome": "None", "otherNonOperatingIncome": "287000", "depreciation": "None", "depreciationAndAmortization": "11000", "incomeBeforeTax": "-19857000", "incomeTaxExpense": "-160000", "interestAndDebtExpense": "None", "netIncomeFromContinuingOperations": "-19604000", "comprehensiveIncomeNetOfTax": "None", "ebit": "-20050000", "ebitda": "-20039000", "netIncome": "-19857000"}, {"fiscalDateEnding": "2015-09-30", "reportedCurrency": "USD", "grossProfit": "64000", "totalRevenue": "64000", "costOfRevenue": "0", "costofGoodsAndServicesSold": "0", "operatingIncome": "-19678000", "sellingGeneralAndAdministrative": "3888000", "researchAndDevelopment": "15790000", "operatingExpenses": "19678000", "investmentIncomeNet": "None", "netInterestIncome": "None", "interestIncome": "None", "interestExpense": "139000", "nonInterestIncome": "None", "otherNonOperatingIncome": "None", "depreciation": "None", "depreciationAndAmortization": "35000", "incomeBeforeTax": "-19475000", "incomeTaxExpense": "-139000", "interestAndDebtExpense": "None", "netIncomeFromContinuingOperations": "-19539000", "comprehensiveIncomeNetOfTax": "None", "ebit": "-19678000", "ebitda": "-19643000", "netIncome": "-19475000"}, {"fiscalDateEnding": "2015-06-30", "reportedCurrency": "USD", "grossProfit": "84000", "totalRevenue": "84000", "costOfRevenue": "0", "costofGoodsAndServicesSold": "0", "operatingIncome": "-10889000", "sellingGeneralAndAdministrative": "3707000", "researchAndDevelopment": "7182000", "operatingExpenses": "10889000", "investmentIncomeNet": "None", "netInterestIncome": "None", "interestIncome": "None", "interestExpense": "116000", "nonInterestIncome": "None", "otherNonOperatingIncome": "None", "depreciation": "None", "depreciationAndAmortization": "31000", "incomeBeforeTax": "-10689000", "incomeTaxExpense": "-116000", "interestAndDebtExpense": "None", "netIncomeFromContinuingOperations": "-10773000", "comprehensiveIncomeNetOfTax": "None", "ebit": "-10889000", "ebitda": "-10858000", "netIncome": "-10689000"}, {"fiscalDateEnding": "2015-03-31", "reportedCurrency": "USD", "grossProfit": "105000", "totalRevenue": "105000", "costOfRevenue": "0", "costofGoodsAndServicesSold": "0", "operatingIncome": "-10896000", "sellingGeneralAndAdministrative": "3391000", "researchAndDevelopment": "7505000", "operatingExpenses": "10896000", "investmentIncomeNet": "None", "netInterestIncome": "None", "interestIncome": "None", "interestExpense": "96000", "nonInterestIncome": "None", "otherNonOperatingIncome": "None", "depreciation": "None", "depreciationAndAmortization": "19000", "incomeBeforeTax": "-10695000", "incomeTaxExpense": "-96000", "interestAndDebtExpense": "None", "netIncomeFromContinuingOperations": "-10800000", "comprehensiveIncomeNetOfTax": "None", "ebit": "-10796000", "ebitda": "-10777000", "netIncome": "-10695000"}, {"fiscalDateEnding": "2014-12-31", "reportedCurrency": "USD", "grossProfit": "349006", "totalRevenue": "349006", "costOfRevenue": "23263000", "costofGoodsAndServicesSold": "23263000", "operatingIncome": "-10607000", "sellingGeneralAndAdministrative": "3539000", "researchAndDevelopment": "7068000", "operatingExpenses": "10607000", "investmentIncomeNet": "None", "netInterestIncome": "None", "interestIncome": "None", "interestExpense": "81000", "nonInterestIncome": "None", "otherNonOperatingIncome": "None", "depreciation": "None", "depreciationAndAmortization": "16000", "incomeBeforeTax": "-10370000", "incomeTaxExpense": "-81000", "interestAndDebtExpense": "None", "netIncomeFromContinuingOperations": "-10719336", "comprehensiveIncomeNetOfTax": "None", "ebit": "-10207000", "ebitda": "-10191000", "netIncome": "-10370000"}, {"fiscalDateEnding": "2014-09-30", "reportedCurrency": "USD", "grossProfit": "180000", "totalRevenue": "180000", "costOfRevenue": "0", "costofGoodsAndServicesSold": "0", "operatingIncome": "-9584000", "sellingGeneralAndAdministrative": "2936000", "researchAndDevelopment": "6648000", "operatingExpenses": "9584000", "investmentIncomeNet": "None", "netInterestIncome": "None", "interestIncome": "None", "interestExpense": "56000", "nonInterestIncome": "None", "otherNonOperatingIncome": "None", "depreciation": "None", "depreciationAndAmortization": "12908", "incomeBeforeTax": "-9348000", "incomeTaxExpense": "-56000", "interestAndDebtExpense": "None", "netIncomeFromContinuingOperations": "-9528000", "comprehensiveIncomeNetOfTax": "None", "ebit": "-9583908", "ebitda": "-9571000", "netIncome": "-9348000"}, {"fiscalDateEnding": "2014-06-30", "reportedCurrency": "USD", "grossProfit": "171227", "totalRevenue": "171227", "costOfRevenue": "0", "costofGoodsAndServicesSold": "0", "operatingIncome": "-7839996", "sellingGeneralAndAdministrative": "2315101", "researchAndDevelopment": "5524895", "operatingExpenses": "7839996", "investmentIncomeNet": "None", "netInterestIncome": "None", "interestIncome": "None", "interestExpense": "50442", "nonInterestIncome": "None", "otherNonOperatingIncome": "None", "depreciation": "None", "depreciationAndAmortization": "11974", "incomeBeforeTax": "-7618327", "incomeTaxExpense": "-50442", "interestAndDebtExpense": "None", "netIncomeFromContinuingOperations": "-7789554", "comprehensiveIncomeNetOfTax": "None", "ebit": "-7839974", "ebitda": "-7828000", "netIncome": "-7618327"}, {"fiscalDateEnding": "2014-03-31", "reportedCurrency": "USD", "grossProfit": "0", "totalRevenue": "0", "costOfRevenue": "0", "costofGoodsAndServicesSold": "0", "operatingIncome": "-9909247", "sellingGeneralAndAdministrative": "3751319", "researchAndDevelopment": "6157928", "operatingExpenses": "9909247", "investmentIncomeNet": "None", "netInterestIncome": "None", "interestIncome": "None", "interestExpense": "19025", "nonInterestIncome": "None", "otherNonOperatingIncome": "193112", "depreciation": "None", "depreciationAndAmortization": "8118", "incomeBeforeTax": "-9697110", "incomeTaxExpense": "-19025", "interestAndDebtExpense": "None", "netIncomeFromContinuingOperations": "-9697110", "comprehensiveIncomeNetOfTax": "None", "ebit": "-9585433", "ebitda": "-9577315", "netIncome": "-9697110"}, {"fiscalDateEnding": "2013-12-31", "reportedCurrency": "USD", "grossProfit": "0", "totalRevenue": "0", "costOfRevenue": "0", "costofGoodsAndServicesSold": "0", "operatingIncome": "-6201221", "sellingGeneralAndAdministrative": "3010621", "researchAndDevelopment": "3190600", "operatingExpenses": "6201221", "investmentIncomeNet": "None", "netInterestIncome": "None", "interestIncome": "None", "interestExpense": "19431", "nonInterestIncome": "None", "otherNonOperatingIncome": "None", "depreciation": "None", "depreciationAndAmortization": "1282", "incomeBeforeTax": "-5948180", "incomeTaxExpense": "3450413", "interestAndDebtExpense": "None", "netIncomeFromContinuingOperations": "0", "comprehensiveIncomeNetOfTax": "None", "ebit": "-2731611", "ebitda": "-2730329", "netIncome": "-5948180"}, {"fiscalDateEnding": "2013-09-30", "reportedCurrency": "USD", "grossProfit": "0", "totalRevenue": "0", "costOfRevenue": "0", "costofGoodsAndServicesSold": "0", "operatingIncome": "-4034000", "sellingGeneralAndAdministrative": "794000", "researchAndDevelopment": "3240000", "operatingExpenses": "4034000", "investmentIncomeNet": "None", "netInterestIncome": "None", "interestIncome": "None", "interestExpense": "28000", "nonInterestIncome": "None", "otherNonOperatingIncome": "None", "depreciation": "None", "depreciationAndAmortization": "9", "incomeBeforeTax": "-3768000", "incomeTaxExpense": "-28009", "interestAndDebtExpense": "None", "netIncomeFromContinuingOperations": "0", "comprehensiveIncomeNetOfTax": "None", "ebit": "-4034000", "ebitda": "-4033991", "netIncome": "-3768000"}, {"fiscalDateEnding": "2013-06-30", "reportedCurrency": "USD", "grossProfit": "0", "totalRevenue": "0", "costOfRevenue": "0", "costofGoodsAndServicesSold": "0", "operatingIncome": "-3120783", "sellingGeneralAndAdministrative": "667783", "researchAndDevelopment": "2453000", "operatingExpenses": "3120783", "investmentIncomeNet": "None", "netInterestIncome": "None", "interestIncome": "None", "interestExpense": "2906", "nonInterestIncome": "None", "otherNonOperatingIncome": "None", "depreciation": "None", "depreciationAndAmortization": "3120783", "incomeBeforeTax": "-2830432", "incomeTaxExpense": "-3123689", "interestAndDebtExpense": "None", "netIncomeFromContinuingOperations": "0", "comprehensiveIncomeNetOfTax": "None", "ebit": "-6241566", "ebitda": "-3120783", "netIncome": "-2830432"}, {"fiscalDateEnding": "2013-03-31", "reportedCurrency": "USD", "grossProfit": "0", "totalRevenue": "0", "costOfRevenue": "0", "costofGoodsAndServicesSold": "0", "operatingIncome": "-2576718", "sellingGeneralAndAdministrative": "678923", "researchAndDevelopment": "1897795", "operatingExpenses": "2576718", "investmentIncomeNet": "None", "netInterestIncome": "None", "interestIncome": "None", "interestExpense": "754114", "nonInterestIncome": "None", "otherNonOperatingIncome": "None", "depreciation": "None", "depreciationAndAmortization": "-2419766", "incomeBeforeTax": "-620914", "incomeTaxExpense": "754114", "interestAndDebtExpense": "None", "netIncomeFromContinuingOperations": "0", "comprehensiveIncomeNetOfTax": "None", "ebit": "-156952", "ebitda": "-2576718", "netIncome": "-620914"}, {"fiscalDateEnding": "2012-12-31", "reportedCurrency": "USD", "grossProfit": "0", "totalRevenue": "0", "costOfRevenue": "0", "costofGoodsAndServicesSold": "0", "operatingIncome": "-1863873", "sellingGeneralAndAdministrative": "1297402", "researchAndDevelopment": "566471", "operatingExpenses": "1529495", "investmentIncomeNet": "None", "netInterestIncome": "None", "interestIncome": "None", "interestExpense": "1645000", "nonInterestIncome": "None", "otherNonOperatingIncome": "None", "depreciation": "None", "depreciationAndAmortization": "9789", "incomeBeforeTax": "-2402997", "incomeTaxExpense": "854101", "interestAndDebtExpense": "None", "netIncomeFromContinuingOperations": "0", "comprehensiveIncomeNetOfTax": "None", "ebit": "-1863873", "ebitda": "-1854084", "netIncome": "-3257098"}]}