{"symbol": "ANIX", "annualReports": [{"fiscalDateEnding": "2025-10-31", "reportedCurrency": "USD", "grossProfit": "-36000", "totalRevenue": "0", "costOfRevenue": "36000", "costofGoodsAndServicesSold": "36000", "operatingIncome": "-11701000", "sellingGeneralAndAdministrative": "6630000", "researchAndDevelopment": "5071000", "operatingExpenses": "11665000", "investmentIncomeNet": "None", "netInterestIncome": "673000", "interestIncome": "673000", "interestExpense": "None", "nonInterestIncome": "None", "otherNonOperatingIncome": "None", "depreciation": "None", "depreciationAndAmortization": "36000", "incomeBeforeTax": "-11028000", "incomeTaxExpense": "None", "interestAndDebtExpense": "None", "netIncomeFromContinuingOperations": "-11028000", "comprehensiveIncomeNetOfTax": "None", "ebit": "-11737000", "ebitda": "-11701000", "netIncome": "-10927000"}, {"fiscalDateEnding": "2024-10-31", "reportedCurrency": "USD", "grossProfit": "-37000", "totalRevenue": "0", "costOfRevenue": "37000", "costofGoodsAndServicesSold": "37000", "operatingIncome": "-13831000", "sellingGeneralAndAdministrative": "7435000", "researchAndDevelopment": "6396000", "operatingExpenses": "13831000", "investmentIncomeNet": "None", "netInterestIncome": "1133000", "interestIncome": "1133000", "interestExpense": "None", "nonInterestIncome": "None", "otherNonOperatingIncome": "None", "depreciation": "None", "depreciationAndAmortization": "37000", "incomeBeforeTax": "-12698000", "incomeTaxExpense": "144000", "interestAndDebtExpense": "None", "netIncomeFromContinuingOperations": "-12698000", "comprehensiveIncomeNetOfTax": "None", "ebit": "-12698000", "ebitda": "-12661000", "netIncome": "-12554000"}, {"fiscalDateEnding": "2023-10-31", "reportedCurrency": "USD", "grossProfit": "49000", "totalRevenue": "210000", "costOfRevenue": "161000", "costofGoodsAndServicesSold": "161000", "operatingIncome": "-11011000", "sellingGeneralAndAdministrative": "6291000", "researchAndDevelopment": "4769000", "operatingExpenses": "11060000", "investmentIncomeNet": "None", "netInterestIncome": "1081000", "interestIncome": "1081000", "interestExpense": "None", "nonInterestIncome": "None", "otherNonOperatingIncome": "None", "depreciation": "None", "depreciationAndAmortization": "46000", "incomeBeforeTax": "-9930000", "incomeTaxExpense": "-119000", "interestAndDebtExpense": "None", "netIncomeFromContinuingOperations": "-9930000", "comprehensiveIncomeNetOfTax": "None", "ebit": "-11011000", "ebitda": "-10965000", "netIncome": "-9811000"}, {"fiscalDateEnding": "2022-10-31", "reportedCurrency": "USD", "grossProfit": "2468958000", "totalRevenue": "2469000000", "costOfRevenue": "42000", "costofGoodsAndServicesSold": "42000", "operatingIncome": "-13875000", "sellingGeneralAndAdministrative": "7172000", "researchAndDevelopment": "6703000", "operatingExpenses": "13875000", "investmentIncomeNet": "None", "netInterestIncome": "104000", "interestIncome": "104000", "interestExpense": "104000", "nonInterestIncome": "None", "otherNonOperatingIncome": "104000", "depreciation": "None", "depreciationAndAmortization": "42000", "incomeBeforeTax": "-13771000", "incomeTaxExpense": "-280000", "interestAndDebtExpense": "None", "netIncomeFromContinuingOperations": "-13771000", "comprehensiveIncomeNetOfTax": "None", "ebit": "-13771000", "ebitda": "-13729000", "netIncome": "-13595000"}, {"fiscalDateEnding": "2021-10-31", "reportedCurrency": "USD", "grossProfit": "127000", "totalRevenue": "512000", "costOfRevenue": "385000", "costofGoodsAndServicesSold": "385000", "operatingIncome": "-13135692", "sellingGeneralAndAdministrative": "7073498", "researchAndDevelopment": "6189692", "operatingExpenses": "13263190", "investmentIncomeNet": "None", "netInterestIncome": "2322", "interestIncome": "2322", "interestExpense": "322", "nonInterestIncome": "None", "otherNonOperatingIncome": "None", "depreciation": "None", "depreciationAndAmortization": "59864", "incomeBeforeTax": "-13127923", "incomeTaxExpense": "-181292", "interestAndDebtExpense": "None", "netIncomeFromContinuingOperations": "-13127923", "comprehensiveIncomeNetOfTax": "None", "ebit": "-13141139", "ebitda": "-13081275", "netIncome": "-12946631"}, {"fiscalDateEnding": "2020-10-31", "reportedCurrency": "USD", "grossProfit": "-90157", "totalRevenue": "0", "costOfRevenue": "90157", "costofGoodsAndServicesSold": "90157", "operatingIncome": "-9978202", "sellingGeneralAndAdministrative": "5596997", "researchAndDevelopment": "4381205", "operatingExpenses": "9888045", "investmentIncomeNet": "None", "netInterestIncome": "33923", "interestIncome": "33923", "interestExpense": "33923", "nonInterestIncome": "None", "otherNonOperatingIncome": "33923", "depreciation": "None", "depreciationAndAmortization": "90157", "incomeBeforeTax": "-10092363", "incomeTaxExpense": "40153", "interestAndDebtExpense": "None", "netIncomeFromContinuingOperations": "-9944279", "comprehensiveIncomeNetOfTax": "None", "ebit": "-10092359", "ebitda": "-10002202", "netIncome": "-10132516"}, {"fiscalDateEnding": "2019-10-31", "reportedCurrency": "USD", "grossProfit": "83750", "totalRevenue": "250000", "costOfRevenue": "166250", "costofGoodsAndServicesSold": "166250", "operatingIncome": "-11890005", "sellingGeneralAndAdministrative": "5662828", "researchAndDevelopment": "5473427", "operatingExpenses": "11973755", "investmentIncomeNet": "None", "netInterestIncome": "71353", "interestIncome": "71353", "interestExpense": "0", "nonInterestIncome": "None", "otherNonOperatingIncome": "71353", "depreciation": "None", "depreciationAndAmortization": "466308", "incomeBeforeTax": "-11818652", "incomeTaxExpense": "175799", "interestAndDebtExpense": "None", "netIncomeFromContinuingOperations": "-11818652", "comprehensiveIncomeNetOfTax": "None", "ebit": "-11471255", "ebitda": "-11004947", "netIncome": "-11647054"}, {"fiscalDateEnding": "2018-10-31", "reportedCurrency": "USD", "grossProfit": "18794", "totalRevenue": "1112500", "costOfRevenue": "1093706", "costofGoodsAndServicesSold": "1093706", "operatingIncome": "-13706079", "sellingGeneralAndAdministrative": "6911830", "researchAndDevelopment": "6813043", "operatingExpenses": "13724873", "investmentIncomeNet": "None", "netInterestIncome": "45974", "interestIncome": "45974", "interestExpense": "0", "nonInterestIncome": "None", "otherNonOperatingIncome": "45974", "depreciation": "None", "depreciationAndAmortization": "343731", "incomeBeforeTax": "-14243084", "incomeTaxExpense": "289946", "interestAndDebtExpense": "None", "netIncomeFromContinuingOperations": "-14243084", "comprehensiveIncomeNetOfTax": "None", "ebit": "-14243084", "ebitda": "-13899353", "netIncome": "-13996025"}, {"fiscalDateEnding": "2017-10-31", "reportedCurrency": "USD", "grossProfit": "257944", "totalRevenue": "362500", "costOfRevenue": "104556", "costofGoodsAndServicesSold": "104556", "operatingIncome": "-6075584", "sellingGeneralAndAdministrative": "4410682", "researchAndDevelopment": "1597550", "operatingExpenses": "6333528", "investmentIncomeNet": "None", "netInterestIncome": "-481015", "interestIncome": "19440", "interestExpense": "500455", "nonInterestIncome": "None", "otherNonOperatingIncome": "1567048", "depreciation": "None", "depreciationAndAmortization": "368512", "incomeBeforeTax": "-5008991", "incomeTaxExpense": "500455", "interestAndDebtExpense": "None", "netIncomeFromContinuingOperations": "-5008991", "comprehensiveIncomeNetOfTax": "None", "ebit": "-4508536", "ebitda": "-4140024", "netIncome": "-5008991"}, {"fiscalDateEnding": "2016-10-31", "reportedCurrency": "USD", "grossProfit": "82584", "totalRevenue": "300000", "costOfRevenue": "217416", "costofGoodsAndServicesSold": "217416", "operatingIncome": "-4509012", "sellingGeneralAndAdministrative": "2709841", "researchAndDevelopment": "1556459", "operatingExpenses": "4591596", "investmentIncomeNet": "None", "netInterestIncome": "-507416", "interestIncome": "12530", "interestExpense": "519946", "nonInterestIncome": "None", "otherNonOperatingIncome": "12530", "depreciation": "None", "depreciationAndAmortization": "358629", "incomeBeforeTax": "-5016428", "incomeTaxExpense": "12530", "interestAndDebtExpense": "None", "netIncomeFromContinuingOperations": "-5016428", "comprehensiveIncomeNetOfTax": "None", "ebit": "-4496482", "ebitda": "-4137853", "netIncome": "-5016428"}, {"fiscalDateEnding": "2015-10-31", "reportedCurrency": "USD", "grossProfit": "5606478", "totalRevenue": "9255000", "costOfRevenue": "3648522", "costofGoodsAndServicesSold": "3648522", "operatingIncome": "-944759", "sellingGeneralAndAdministrative": "5514555", "researchAndDevelopment": "711391", "operatingExpenses": "6551237", "investmentIncomeNet": "None", "netInterestIncome": "None", "interestIncome": "434290", "interestExpense": "451906", "nonInterestIncome": "None", "otherNonOperatingIncome": "17622", "depreciation": "None", "depreciationAndAmortization": "337806", "incomeBeforeTax": "-1379043", "incomeTaxExpense": "17622", "interestAndDebtExpense": "None", "netIncomeFromContinuingOperations": "-1379043", "comprehensiveIncomeNetOfTax": "None", "ebit": "-939652", "ebitda": "-601846", "netIncome": "-1379043"}, {"fiscalDateEnding": "2014-10-31", "reportedCurrency": "USD", "grossProfit": "1679246", "totalRevenue": "3667320", "costOfRevenue": "1988074", "costofGoodsAndServicesSold": "1988074", "operatingIncome": "-5044068", "sellingGeneralAndAdministrative": "6408861", "researchAndDevelopment": "1187320", "operatingExpenses": "6723314", "investmentIncomeNet": "None", "netInterestIncome": "None", "interestIncome": "None", "interestExpense": "1263617", "nonInterestIncome": "None", "otherNonOperatingIncome": "-3235804", "depreciation": "None", "depreciationAndAmortization": "314453", "incomeBeforeTax": "-9606314", "incomeTaxExpense": "1263617", "interestAndDebtExpense": "None", "netIncomeFromContinuingOperations": "-9606314", "comprehensiveIncomeNetOfTax": "None", "ebit": "-8342695", "ebitda": "-8028242", "netIncome": "-9606314"}, {"fiscalDateEnding": "2013-10-31", "reportedCurrency": "USD", "grossProfit": "72192", "totalRevenue": "388850", "costOfRevenue": "316658", "costofGoodsAndServicesSold": "316658", "operatingIncome": "-7917654", "sellingGeneralAndAdministrative": "7989846", "researchAndDevelopment": "None", "operatingExpenses": "7989846", "investmentIncomeNet": "None", "netInterestIncome": "None", "interestIncome": "None", "interestExpense": "1109519", "nonInterestIncome": "None", "otherNonOperatingIncome": "-475189", "depreciation": "None", "depreciationAndAmortization": "125", "incomeBeforeTax": "-10080086", "incomeTaxExpense": "1109394", "interestAndDebtExpense": "None", "netIncomeFromContinuingOperations": "-10080086", "comprehensiveIncomeNetOfTax": "None", "ebit": "-8970692", "ebitda": "-8970567", "netIncome": "-10080086"}, {"fiscalDateEnding": "2012-10-31", "reportedCurrency": "USD", "grossProfit": "940010", "totalRevenue": "940010", "costOfRevenue": "3873", "costofGoodsAndServicesSold": "3873", "operatingIncome": "-4134556", "sellingGeneralAndAdministrative": "2863060", "researchAndDevelopment": "2211506", "operatingExpenses": "5074566", "investmentIncomeNet": "None", "netInterestIncome": "None", "interestIncome": "None", "interestExpense": "7664", "nonInterestIncome": "None", "otherNonOperatingIncome": "16921", "depreciation": "None", "depreciationAndAmortization": "7234", "incomeBeforeTax": "-4252799", "incomeTaxExpense": "430", "interestAndDebtExpense": "None", "netIncomeFromContinuingOperations": "-4252799", "comprehensiveIncomeNetOfTax": "None", "ebit": "-4245138", "ebitda": "-4237904", "netIncome": "-4252799"}, {"fiscalDateEnding": "2011-10-31", "reportedCurrency": "USD", "grossProfit": "969112", "totalRevenue": "1003193", "costOfRevenue": "34081", "costofGoodsAndServicesSold": "34081", "operatingIncome": "-5028266", "sellingGeneralAndAdministrative": "2872605", "researchAndDevelopment": "3124773", "operatingExpenses": "5997378", "investmentIncomeNet": "None", "netInterestIncome": "None", "interestIncome": "None", "interestExpense": "3502056", "nonInterestIncome": "None", "otherNonOperatingIncome": "36023", "depreciation": "None", "depreciationAndAmortization": "7977", "incomeBeforeTax": "-6778036", "incomeTaxExpense": "600000", "interestAndDebtExpense": "None", "netIncomeFromContinuingOperations": "-7378036", "comprehensiveIncomeNetOfTax": "None", "ebit": "-6778033", "ebitda": "-6770056", "netIncome": "-7378036"}, {"fiscalDateEnding": "2010-10-31", "reportedCurrency": "USD", "grossProfit": "648368", "totalRevenue": "730675", "costOfRevenue": "82307", "costofGoodsAndServicesSold": "82307", "operatingIncome": "-5248220", "sellingGeneralAndAdministrative": "2889129", "researchAndDevelopment": "3007459", "operatingExpenses": "5896588", "investmentIncomeNet": "None", "netInterestIncome": "None", "interestIncome": "None", "interestExpense": "0", "nonInterestIncome": "None", "otherNonOperatingIncome": "None", "depreciation": "None", "depreciationAndAmortization": "8358", "incomeBeforeTax": "-5175131", "incomeTaxExpense": "-73089", "interestAndDebtExpense": "None", "netIncomeFromContinuingOperations": "None", "comprehensiveIncomeNetOfTax": "None", "ebit": "-5256578", "ebitda": "-5248220", "netIncome": "-5175131"}, {"fiscalDateEnding": "2009-10-31", "reportedCurrency": "USD", "grossProfit": "990109", "totalRevenue": "1055797", "costOfRevenue": "65688", "costofGoodsAndServicesSold": "65688", "operatingIncome": "-7320318", "sellingGeneralAndAdministrative": "4194227", "researchAndDevelopment": "4116200", "operatingExpenses": "8310427", "investmentIncomeNet": "None", "netInterestIncome": "None", "interestIncome": "None", "interestExpense": "0", "nonInterestIncome": "None", "otherNonOperatingIncome": "None", "depreciation": "None", "depreciationAndAmortization": "10612", "incomeBeforeTax": "-16489015", "incomeTaxExpense": "9168697", "interestAndDebtExpense": "None", "netIncomeFromContinuingOperations": "None", "comprehensiveIncomeNetOfTax": "None", "ebit": "-7330930", "ebitda": "-7320318", "netIncome": "-16489015"}, {"fiscalDateEnding": "2008-10-31", "reportedCurrency": "USD", "grossProfit": "1967529", "totalRevenue": "2063123", "costOfRevenue": "95594", "costofGoodsAndServicesSold": "95594", "operatingIncome": "-5989518", "sellingGeneralAndAdministrative": "3829654", "researchAndDevelopment": "4127393", "operatingExpenses": "7957047", "investmentIncomeNet": "None", "netInterestIncome": "None", "interestIncome": "None", "interestExpense": "0", "nonInterestIncome": "None", "otherNonOperatingIncome": "None", "depreciation": "None", "depreciationAndAmortization": "10669", "incomeBeforeTax": "-5821604", "incomeTaxExpense": "-167914", "interestAndDebtExpense": "None", "netIncomeFromContinuingOperations": "None", "comprehensiveIncomeNetOfTax": "None", "ebit": "-5989518", "ebitda": "-5978849", "netIncome": "-5821604"}, {"fiscalDateEnding": "2007-10-31", "reportedCurrency": "USD", "grossProfit": "326492", "totalRevenue": "486852", "costOfRevenue": "160360", "costofGoodsAndServicesSold": "160360", "operatingIncome": "-5492367", "sellingGeneralAndAdministrative": "2414916", "researchAndDevelopment": "3403943", "operatingExpenses": "5525059", "investmentIncomeNet": "None", "netInterestIncome": "None", "interestIncome": "None", "interestExpense": "0", "nonInterestIncome": "None", "otherNonOperatingIncome": "None", "depreciation": "None", "depreciationAndAmortization": "9889", "incomeBeforeTax": "None", "incomeTaxExpense": "259651", "interestAndDebtExpense": "None", "netIncomeFromContinuingOperations": "None", "comprehensiveIncomeNetOfTax": "None", "ebit": "-5458218", "ebitda": "-5448329", "netIncome": "-5458218"}, {"fiscalDateEnding": "2006-10-31", "reportedCurrency": "USD", "grossProfit": "352205", "totalRevenue": "508651", "costOfRevenue": "156446", "costofGoodsAndServicesSold": "156446", "operatingIncome": "-7627616", "sellingGeneralAndAdministrative": "3365521", "researchAndDevelopment": "4614300", "operatingExpenses": "7979821", "investmentIncomeNet": "None", "netInterestIncome": "None", "interestIncome": "None", "interestExpense": "0", "nonInterestIncome": "None", "otherNonOperatingIncome": "None", "depreciation": "None", "depreciationAndAmortization": "15072", "incomeBeforeTax": "None", "incomeTaxExpense": "-26715", "interestAndDebtExpense": "None", "netIncomeFromContinuingOperations": "None", "comprehensiveIncomeNetOfTax": "None", "ebit": "-7627616", "ebitda": "-7612544", "netIncome": "-7600901"}], "quarterlyReports": [{"fiscalDateEnding": "2025-10-31", "reportedCurrency": "USD", "grossProfit": "-9000", "totalRevenue": "0", "costOfRevenue": "9000", "costofGoodsAndServicesSold": "9000", "operatingIncome": "-2876000", "sellingGeneralAndAdministrative": "1734000", "researchAndDevelopment": "1142000", "operatingExpenses": "2867000", "investmentIncomeNet": "None", "netInterestIncome": "154000", "interestIncome": "154000", "interestExpense": "None", "nonInterestIncome": "None", "otherNonOperatingIncome": "None", "depreciation": "None", "depreciationAndAmortization": "-27000", "incomeBeforeTax": "-2722000", "incomeTaxExpense": "None", "interestAndDebtExpense": "None", "netIncomeFromContinuingOperations": "-2722000", "comprehensiveIncomeNetOfTax": "None", "ebit": "-2867000", "ebitda": "-2894000", "netIncome": "-2695000"}, {"fiscalDateEnding": "2025-07-31", "reportedCurrency": "USD", "grossProfit": "-9000", "totalRevenue": "0", "costOfRevenue": "9000", "costofGoodsAndServicesSold": "9000", "operatingIncome": "-2436000", "sellingGeneralAndAdministrative": "1381000", "researchAndDevelopment": "1055000", "operatingExpenses": "2436000", "investmentIncomeNet": "None", "netInterestIncome": "156000", "interestIncome": "156000", "interestExpense": "None", "nonInterestIncome": "None", "otherNonOperatingIncome": "None", "depreciation": "None", "depreciationAndAmortization": "9000", "incomeBeforeTax": "-2280000", "incomeTaxExpense": "None", "interestAndDebtExpense": "None", "netIncomeFromContinuingOperations": "-2280000", "comprehensiveIncomeNetOfTax": "None", "ebit": "-2436000", "ebitda": "-2427000", "netIncome": "-2258000"}, {"fiscalDateEnding": "2025-04-30", "reportedCurrency": "USD", "grossProfit": "-9000", "totalRevenue": "0", "costOfRevenue": "9000", "costofGoodsAndServicesSold": "9000", "operatingIncome": "-3003000", "sellingGeneralAndAdministrative": "1681000", "researchAndDevelopment": "1322000", "operatingExpenses": "3003000", "investmentIncomeNet": "None", "netInterestIncome": "190000", "interestIncome": "190000", "interestExpense": "None", "nonInterestIncome": "None", "otherNonOperatingIncome": "None", "depreciation": "None", "depreciationAndAmortization": "9000", "incomeBeforeTax": "-2813000", "incomeTaxExpense": "None", "interestAndDebtExpense": "None", "netIncomeFromContinuingOperations": "-2813000", "comprehensiveIncomeNetOfTax": "None", "ebit": "-3003000", "ebitda": "-2994000", "netIncome": "-2790000"}, {"fiscalDateEnding": "2025-01-31", "reportedCurrency": "USD", "grossProfit": "None", "totalRevenue": "0", "costOfRevenue": "None", "costofGoodsAndServicesSold": "None", "operatingIncome": "-3386000", "sellingGeneralAndAdministrative": "1834000", "researchAndDevelopment": "1552000", "operatingExpenses": "3386000", "investmentIncomeNet": "None", "netInterestIncome": "173000", "interestIncome": "173000", "interestExpense": "None", "nonInterestIncome": "None", "otherNonOperatingIncome": "None", "depreciation": "None", "depreciationAndAmortization": "9000", "incomeBeforeTax": "-3213000", "incomeTaxExpense": "None", "interestAndDebtExpense": "None", "netIncomeFromContinuingOperations": "-3213000", "comprehensiveIncomeNetOfTax": "None", "ebit": "-3395000", "ebitda": "-3386000", "netIncome": "-3184000"}, {"fiscalDateEnding": "2024-10-31", "reportedCurrency": "USD", "grossProfit": "0", "totalRevenue": "0", "costOfRevenue": "0", "costofGoodsAndServicesSold": "0", "operatingIncome": "-3163000", "sellingGeneralAndAdministrative": "1687000", "researchAndDevelopment": "1476000", "operatingExpenses": "3163000", "investmentIncomeNet": "None", "netInterestIncome": "250000", "interestIncome": "250000", "interestExpense": "None", "nonInterestIncome": "None", "otherNonOperatingIncome": "None", "depreciation": "None", "depreciationAndAmortization": "9000", "incomeBeforeTax": "-2913000", "incomeTaxExpense": "None", "interestAndDebtExpense": "None", "netIncomeFromContinuingOperations": "-2913000", "comprehensiveIncomeNetOfTax": "None", "ebit": "-3163000", "ebitda": "-3154000", "netIncome": "-2883000"}, {"fiscalDateEnding": "2024-07-31", "reportedCurrency": "USD", "grossProfit": "-3000", "totalRevenue": "0", "costOfRevenue": "3000", "costofGoodsAndServicesSold": "3000", "operatingIncome": "-3592000", "sellingGeneralAndAdministrative": "1667000", "researchAndDevelopment": "1925000", "operatingExpenses": "3592000", "investmentIncomeNet": "None", "netInterestIncome": "277000", "interestIncome": "277000", "interestExpense": "None", "nonInterestIncome": "None", "otherNonOperatingIncome": "None", "depreciation": "None", "depreciationAndAmortization": "3000", "incomeBeforeTax": "-3315000", "incomeTaxExpense": "-38000", "interestAndDebtExpense": "None", "netIncomeFromContinuingOperations": "-3315000", "comprehensiveIncomeNetOfTax": "None", "ebit": "-3592000", "ebitda": "-3589000", "netIncome": "-3277000"}, {"fiscalDateEnding": "2024-04-30", "reportedCurrency": "USD", "grossProfit": "-12000", "totalRevenue": "0", "costOfRevenue": "12000", "costofGoodsAndServicesSold": "12000", "operatingIncome": "-3592000", "sellingGeneralAndAdministrative": "1667000", "researchAndDevelopment": "1925000", "operatingExpenses": "3592000", "investmentIncomeNet": "None", "netInterestIncome": "287000", "interestIncome": "287000", "interestExpense": "None", "nonInterestIncome": "None", "otherNonOperatingIncome": "None", "depreciation": "None", "depreciationAndAmortization": "3000", "incomeBeforeTax": "-3315000", "incomeTaxExpense": "-41000", "interestAndDebtExpense": "None", "netIncomeFromContinuingOperations": "-3180000", "comprehensiveIncomeNetOfTax": "None", "ebit": "-3592000", "ebitda": "-3589000", "netIncome": "-3277000"}, {"fiscalDateEnding": "2024-01-31", "reportedCurrency": "USD", "grossProfit": "-13000", "totalRevenue": "0", "costOfRevenue": "13000", "costofGoodsAndServicesSold": "13000", "operatingIncome": "-3609000", "sellingGeneralAndAdministrative": "2260000", "researchAndDevelopment": "1349000", "operatingExpenses": "3609000", "investmentIncomeNet": "None", "netInterestIncome": "319000", "interestIncome": "319000", "interestExpense": "None", "nonInterestIncome": "None", "otherNonOperatingIncome": "None", "depreciation": "None", "depreciationAndAmortization": "13000", "incomeBeforeTax": "-3290000", "incomeTaxExpense": "-35000", "interestAndDebtExpense": "None", "netIncomeFromContinuingOperations": "-3290000", "comprehensiveIncomeNetOfTax": "None", "ebit": "-3609000", "ebitda": "-3596000", "netIncome": "-3255000"}, {"fiscalDateEnding": "2023-10-31", "reportedCurrency": "USD", "grossProfit": "144000", "totalRevenue": "156000", "costOfRevenue": "12000", "costofGoodsAndServicesSold": "12000", "operatingIncome": "-3051000", "sellingGeneralAndAdministrative": "1436000", "researchAndDevelopment": "1615000", "operatingExpenses": "3051000", "investmentIncomeNet": "None", "netInterestIncome": "330000", "interestIncome": "330000", "interestExpense": "51000", "nonInterestIncome": "None", "otherNonOperatingIncome": "None", "depreciation": "None", "depreciationAndAmortization": "12000", "incomeBeforeTax": "-2721000", "incomeTaxExpense": "-31000", "interestAndDebtExpense": "None", "netIncomeFromContinuingOperations": "-2721000", "comprehensiveIncomeNetOfTax": "None", "ebit": "-3051000", "ebitda": "-3039000", "netIncome": "-2690000"}, {"fiscalDateEnding": "2023-07-31", "reportedCurrency": "USD", "grossProfit": "-11000", "totalRevenue": "0", "costOfRevenue": "11000", "costofGoodsAndServicesSold": "11000", "operatingIncome": "-2844000", "sellingGeneralAndAdministrative": "1756000", "researchAndDevelopment": "1088000", "operatingExpenses": "2844000", "investmentIncomeNet": "None", "netInterestIncome": "296000", "interestIncome": "296000", "interestExpense": "None", "nonInterestIncome": "None", "otherNonOperatingIncome": "296000", "depreciation": "None", "depreciationAndAmortization": "11000", "incomeBeforeTax": "-2548000", "incomeTaxExpense": "-37000", "interestAndDebtExpense": "None", "netIncomeFromContinuingOperations": "-2548000", "comprehensiveIncomeNetOfTax": "None", "ebit": "-2844000", "ebitda": "-2833000", "netIncome": "-2511000"}, {"fiscalDateEnding": "2023-04-30", "reportedCurrency": "USD", "grossProfit": "49000", "totalRevenue": "210000", "costOfRevenue": "161000", "costofGoodsAndServicesSold": "161000", "operatingIncome": "-2560000", "sellingGeneralAndAdministrative": "1611000", "researchAndDevelopment": "998000", "operatingExpenses": "2609000", "investmentIncomeNet": "None", "netInterestIncome": "253000", "interestIncome": "253000", "interestExpense": "253000", "nonInterestIncome": "None", "otherNonOperatingIncome": "253000", "depreciation": "None", "depreciationAndAmortization": "12000", "incomeBeforeTax": "-2307000", "incomeTaxExpense": "-272000", "interestAndDebtExpense": "None", "netIncomeFromContinuingOperations": "-2307000", "comprehensiveIncomeNetOfTax": "None", "ebit": "-2560000", "ebitda": "-2548000", "netIncome": "-2288000"}, {"fiscalDateEnding": "2023-01-31", "reportedCurrency": "USD", "grossProfit": "-11000", "totalRevenue": "0", "costOfRevenue": "11000", "costofGoodsAndServicesSold": "11000", "operatingIncome": "-2556000", "sellingGeneralAndAdministrative": "1488000", "researchAndDevelopment": "1068000", "operatingExpenses": "2556000", "investmentIncomeNet": "None", "netInterestIncome": "202000", "interestIncome": "202000", "interestExpense": "202000", "nonInterestIncome": "None", "otherNonOperatingIncome": "202000", "depreciation": "None", "depreciationAndAmortization": "11000", "incomeBeforeTax": "-2354000", "incomeTaxExpense": "-234000", "interestAndDebtExpense": "None", "netIncomeFromContinuingOperations": "-2354000", "comprehensiveIncomeNetOfTax": "None", "ebit": "-2556000", "ebitda": "-2545000", "netIncome": "-2322000"}, {"fiscalDateEnding": "2022-10-31", "reportedCurrency": "USD", "grossProfit": "2468989000", "totalRevenue": "2469000000", "costOfRevenue": "11000", "costofGoodsAndServicesSold": "11000", "operatingIncome": "-3609000", "sellingGeneralAndAdministrative": "1924000", "researchAndDevelopment": "1685000", "operatingExpenses": "3609000", "investmentIncomeNet": "None", "netInterestIncome": "80000", "interestIncome": "80000", "interestExpense": "80000", "nonInterestIncome": "None", "otherNonOperatingIncome": "None", "depreciation": "None", "depreciationAndAmortization": "11000", "incomeBeforeTax": "-3529000", "incomeTaxExpense": "-133000", "interestAndDebtExpense": "None", "netIncomeFromContinuingOperations": "-3529000", "comprehensiveIncomeNetOfTax": "None", "ebit": "-3609000", "ebitda": "-3598000", "netIncome": "-3476000"}, {"fiscalDateEnding": "2022-07-31", "reportedCurrency": "USD", "grossProfit": "-10000", "totalRevenue": "0", "costOfRevenue": "10000", "costofGoodsAndServicesSold": "10000", "operatingIncome": "-2797000", "sellingGeneralAndAdministrative": "1352000", "researchAndDevelopment": "1445000", "operatingExpenses": "2797000", "investmentIncomeNet": "None", "netInterestIncome": "22000", "interestIncome": "22000", "interestExpense": "22000", "nonInterestIncome": "None", "otherNonOperatingIncome": "22000", "depreciation": "None", "depreciationAndAmortization": "10000", "incomeBeforeTax": "-2775000", "incomeTaxExpense": "-73000", "interestAndDebtExpense": "None", "netIncomeFromContinuingOperations": "-2775000", "comprehensiveIncomeNetOfTax": "None", "ebit": "-2797000", "ebitda": "-2787000", "netIncome": "-2746000"}, {"fiscalDateEnding": "2022-04-30", "reportedCurrency": "USD", "grossProfit": "-11000", "totalRevenue": "0", "costOfRevenue": "11000", "costofGoodsAndServicesSold": "11000", "operatingIncome": "-3589000", "sellingGeneralAndAdministrative": "1854000", "researchAndDevelopment": "1735000", "operatingExpenses": "3589000", "investmentIncomeNet": "None", "netInterestIncome": "1000", "interestIncome": "1000", "interestExpense": "1000", "nonInterestIncome": "None", "otherNonOperatingIncome": "1000", "depreciation": "None", "depreciationAndAmortization": "11000", "incomeBeforeTax": "-3588000", "incomeTaxExpense": "-46000", "interestAndDebtExpense": "None", "netIncomeFromContinuingOperations": "-3588000", "comprehensiveIncomeNetOfTax": "None", "ebit": "-3588000", "ebitda": "-3577000", "netIncome": "-3542000"}, {"fiscalDateEnding": "2022-01-31", "reportedCurrency": "USD", "grossProfit": "-10000", "totalRevenue": "0", "costOfRevenue": "10000", "costofGoodsAndServicesSold": "10000", "operatingIncome": "-3880000", "sellingGeneralAndAdministrative": "2042000", "researchAndDevelopment": "1838000", "operatingExpenses": "3880000", "investmentIncomeNet": "None", "netInterestIncome": "1000", "interestIncome": "1000", "interestExpense": "1000", "nonInterestIncome": "None", "otherNonOperatingIncome": "None", "depreciation": "None", "depreciationAndAmortization": "10000", "incomeBeforeTax": "-3879000", "incomeTaxExpense": "-52000", "interestAndDebtExpense": "None", "netIncomeFromContinuingOperations": "-3879000", "comprehensiveIncomeNetOfTax": "None", "ebit": "-3879000", "ebitda": "-3869000", "netIncome": "-3829000"}, {"fiscalDateEnding": "2021-10-31", "reportedCurrency": "USD", "grossProfit": "3228498", "totalRevenue": "3613500", "costOfRevenue": "385002", "costofGoodsAndServicesSold": "385002", "operatingIncome": "-4077043", "sellingGeneralAndAdministrative": "1903800", "researchAndDevelopment": "2173243", "operatingExpenses": "4077043", "investmentIncomeNet": "None", "netInterestIncome": "549", "interestIncome": "549", "interestExpense": "549", "nonInterestIncome": "None", "otherNonOperatingIncome": "None", "depreciation": "None", "depreciationAndAmortization": "15935", "incomeBeforeTax": "-4071047", "incomeTaxExpense": "-64323", "interestAndDebtExpense": "None", "netIncomeFromContinuingOperations": "-4071047", "comprehensiveIncomeNetOfTax": "None", "ebit": "-4071043", "ebitda": "-4055108", "netIncome": "-4013269"}, {"fiscalDateEnding": "2021-07-31", "reportedCurrency": "USD", "grossProfit": "-15163", "totalRevenue": "0", "costOfRevenue": "15163", "costofGoodsAndServicesSold": "15163", "operatingIncome": "-4388236", "sellingGeneralAndAdministrative": "2221614", "researchAndDevelopment": "2166622", "operatingExpenses": "4388236", "investmentIncomeNet": "None", "netInterestIncome": "626", "interestIncome": "626", "interestExpense": "626", "nonInterestIncome": "None", "otherNonOperatingIncome": "626", "depreciation": "None", "depreciationAndAmortization": "15163", "incomeBeforeTax": "-4442873", "incomeTaxExpense": "-54873", "interestAndDebtExpense": "None", "netIncomeFromContinuingOperations": "-4387610", "comprehensiveIncomeNetOfTax": "None", "ebit": "-4388236", "ebitda": "-4373073", "netIncome": "-4333989"}, {"fiscalDateEnding": "2021-04-30", "reportedCurrency": "USD", "grossProfit": "-14638", "totalRevenue": "0", "costOfRevenue": "14638", "costofGoodsAndServicesSold": "14638", "operatingIncome": "-2437282", "sellingGeneralAndAdministrative": "1415106", "researchAndDevelopment": "1022176", "operatingExpenses": "2437282", "investmentIncomeNet": "None", "netInterestIncome": "393", "interestIncome": "393", "interestExpense": "393", "nonInterestIncome": "None", "otherNonOperatingIncome": "393", "depreciation": "None", "depreciationAndAmortization": "14638", "incomeBeforeTax": "-2437000", "incomeTaxExpense": "-38824", "interestAndDebtExpense": "None", "netIncomeFromContinuingOperations": "-2436889", "comprehensiveIncomeNetOfTax": "None", "ebit": "-2437282", "ebitda": "-2422644", "netIncome": "-2398851"}, {"fiscalDateEnding": "2021-01-31", "reportedCurrency": "USD", "grossProfit": "128000", "totalRevenue": "513000", "costOfRevenue": "385000", "costofGoodsAndServicesSold": "385000", "operatingIncome": "-2233131", "sellingGeneralAndAdministrative": "1532978", "researchAndDevelopment": "827651", "operatingExpenses": "2360629", "investmentIncomeNet": "None", "netInterestIncome": "754", "interestIncome": "754", "interestExpense": "754", "nonInterestIncome": "None", "otherNonOperatingIncome": "754", "depreciation": "None", "depreciationAndAmortization": "14000", "incomeBeforeTax": "-2257594", "incomeTaxExpense": "-25594", "interestAndDebtExpense": "None", "netIncomeFromContinuingOperations": "-2232377", "comprehensiveIncomeNetOfTax": "None", "ebit": "-2232249", "ebitda": "-2218249", "netIncome": "-2208291"}, {"fiscalDateEnding": "2020-10-31", "reportedCurrency": "USD", "grossProfit": "-248720", "totalRevenue": "-124360", "costOfRevenue": "124360", "costofGoodsAndServicesSold": "124360", "operatingIncome": "-2242227", "sellingGeneralAndAdministrative": "584034", "researchAndDevelopment": "1658193", "operatingExpenses": "2242227", "investmentIncomeNet": "None", "netInterestIncome": "1216", "interestIncome": "1216", "interestExpense": "1216", "nonInterestIncome": "None", "otherNonOperatingIncome": "156566", "depreciation": "None", "depreciationAndAmortization": "13564", "incomeBeforeTax": "-2241011", "incomeTaxExpense": "128676", "interestAndDebtExpense": "None", "netIncomeFromContinuingOperations": "-2078395", "comprehensiveIncomeNetOfTax": "None", "ebit": "-2242227", "ebitda": "-2228663", "netIncome": "-2224035"}, {"fiscalDateEnding": "2020-07-31", "reportedCurrency": "USD", "grossProfit": "None", "totalRevenue": "0", "costOfRevenue": "None", "costofGoodsAndServicesSold": "None", "operatingIncome": "-2435969", "sellingGeneralAndAdministrative": "1576680", "researchAndDevelopment": "859289", "operatingExpenses": "2435969", "investmentIncomeNet": "None", "netInterestIncome": "7266", "interestIncome": "7266", "interestExpense": "7266", "nonInterestIncome": "None", "otherNonOperatingIncome": "-148084", "depreciation": "None", "depreciationAndAmortization": "22120", "incomeBeforeTax": "-2576787", "incomeTaxExpense": "118449", "interestAndDebtExpense": "None", "netIncomeFromContinuingOperations": "-2576787", "comprehensiveIncomeNetOfTax": "None", "ebit": "-2435969", "ebitda": "-2413849", "netIncome": "-2561684"}, {"fiscalDateEnding": "2020-04-30", "reportedCurrency": "USD", "grossProfit": "0", "totalRevenue": "0", "costOfRevenue": "0", "costofGoodsAndServicesSold": "0", "operatingIncome": "-2670137", "sellingGeneralAndAdministrative": "1441347", "researchAndDevelopment": "1228790", "operatingExpenses": "2670137", "investmentIncomeNet": "None", "netInterestIncome": "12147", "interestIncome": "12147", "interestExpense": "12147", "nonInterestIncome": "None", "otherNonOperatingIncome": "12147", "depreciation": "None", "depreciationAndAmortization": "27161", "incomeBeforeTax": "-2657990", "incomeTaxExpense": "-42191", "interestAndDebtExpense": "None", "netIncomeFromContinuingOperations": "-2657990", "comprehensiveIncomeNetOfTax": "None", "ebit": "-2682644", "ebitda": "-2655483", "netIncome": "-2640093"}, {"fiscalDateEnding": "2020-01-31", "reportedCurrency": "USD", "grossProfit": "None", "totalRevenue": "0", "costOfRevenue": "None", "costofGoodsAndServicesSold": "None", "operatingIncome": "-2629869", "sellingGeneralAndAdministrative": "1139281", "researchAndDevelopment": "1490588", "operatingExpenses": "2629869", "investmentIncomeNet": "None", "netInterestIncome": "13294", "interestIncome": "13294", "interestExpense": "13294", "nonInterestIncome": "None", "otherNonOperatingIncome": "13294", "depreciation": "None", "depreciationAndAmortization": "27312", "incomeBeforeTax": "-2616575", "incomeTaxExpense": "-50620", "interestAndDebtExpense": "None", "netIncomeFromContinuingOperations": "-2616575", "comprehensiveIncomeNetOfTax": "None", "ebit": "-2628577", "ebitda": "-2601265", "netIncome": "-2592543"}, {"fiscalDateEnding": "2019-10-31", "reportedCurrency": "USD", "grossProfit": "-14568", "totalRevenue": "-259481", "costOfRevenue": "14568", "costofGoodsAndServicesSold": "14568", "operatingIncome": "-2128631", "sellingGeneralAndAdministrative": "1257443", "researchAndDevelopment": "856620", "operatingExpenses": "2114063", "investmentIncomeNet": "None", "netInterestIncome": "17570", "interestIncome": "17570", "interestExpense": "None", "nonInterestIncome": "None", "otherNonOperatingIncome": "17570", "depreciation": "None", "depreciationAndAmortization": "14568", "incomeBeforeTax": "-2111061", "incomeTaxExpense": "-41138", "interestAndDebtExpense": "None", "netIncomeFromContinuingOperations": "-2111061", "comprehensiveIncomeNetOfTax": "None", "ebit": "-2128631", "ebitda": "-2114063", "netIncome": "-2087493"}, {"fiscalDateEnding": "2019-07-31", "reportedCurrency": "USD", "grossProfit": "0", "totalRevenue": "0", "costOfRevenue": "0", "costofGoodsAndServicesSold": "0", "operatingIncome": "-2184412", "sellingGeneralAndAdministrative": "1056963", "researchAndDevelopment": "1085574", "operatingExpenses": "2184412", "investmentIncomeNet": "None", "netInterestIncome": "18364", "interestIncome": "18364", "interestExpense": "None", "nonInterestIncome": "None", "otherNonOperatingIncome": "18364", "depreciation": "None", "depreciationAndAmortization": "56757", "incomeBeforeTax": "-2166048", "incomeTaxExpense": "-44384", "interestAndDebtExpense": "None", "netIncomeFromContinuingOperations": "-2166048", "comprehensiveIncomeNetOfTax": "None", "ebit": "-2184412", "ebitda": "-2127655", "netIncome": "-2140028"}, {"fiscalDateEnding": "2019-04-30", "reportedCurrency": "USD", "grossProfit": "83750", "totalRevenue": "250000", "costOfRevenue": "166250", "costofGoodsAndServicesSold": "166250", "operatingIncome": "-2593234", "sellingGeneralAndAdministrative": "1281966", "researchAndDevelopment": "1269393", "operatingExpenses": "2676984", "investmentIncomeNet": "None", "netInterestIncome": "18300", "interestIncome": "18300", "interestExpense": "None", "nonInterestIncome": "None", "otherNonOperatingIncome": "18300", "depreciation": "None", "depreciationAndAmortization": "137603", "incomeBeforeTax": "-2574934", "incomeTaxExpense": "-55542", "interestAndDebtExpense": "None", "netIncomeFromContinuingOperations": "-2574934", "comprehensiveIncomeNetOfTax": "None", "ebit": "-2593234", "ebitda": "-2455631", "netIncome": "-2537692"}, {"fiscalDateEnding": "2019-01-31", "reportedCurrency": "USD", "grossProfit": "-1230", "totalRevenue": "0", "costOfRevenue": "1230", "costofGoodsAndServicesSold": "1230", "operatingIncome": "-4564978", "sellingGeneralAndAdministrative": "2066456", "researchAndDevelopment": "2247272", "operatingExpenses": "4564978", "investmentIncomeNet": "None", "netInterestIncome": "None", "interestIncome": "None", "interestExpense": "0", "nonInterestIncome": "None", "otherNonOperatingIncome": "17119", "depreciation": "None", "depreciationAndAmortization": "257380", "incomeBeforeTax": "-4966609", "incomeTaxExpense": "735613", "interestAndDebtExpense": "None", "netIncomeFromContinuingOperations": "-4966609", "comprehensiveIncomeNetOfTax": "None", "ebit": "-4966609", "ebitda": "-4709229", "netIncome": "-4881841"}, {"fiscalDateEnding": "2018-10-31", "reportedCurrency": "USD", "grossProfit": "-1230", "totalRevenue": "-1420416", "costOfRevenue": "1230", "costofGoodsAndServicesSold": "1230", "operatingIncome": "-4824735", "sellingGeneralAndAdministrative": "2309275", "researchAndDevelopment": "2432906", "operatingExpenses": "4823505", "investmentIncomeNet": "None", "netInterestIncome": "None", "interestIncome": "None", "interestExpense": "64656", "nonInterestIncome": "None", "otherNonOperatingIncome": "16194", "depreciation": "None", "depreciationAndAmortization": "87345", "incomeBeforeTax": "-5391520", "incomeTaxExpense": "493952", "interestAndDebtExpense": "None", "netIncomeFromContinuingOperations": "-5391520", "comprehensiveIncomeNetOfTax": "None", "ebit": "-5391520", "ebitda": "-5304175", "netIncome": "-5302493"}, {"fiscalDateEnding": "2018-07-31", "reportedCurrency": "USD", "grossProfit": "121343", "totalRevenue": "362500", "costOfRevenue": "241157", "costofGoodsAndServicesSold": "241157", "operatingIncome": "-5605804", "sellingGeneralAndAdministrative": "2703752", "researchAndDevelopment": "2942071", "operatingExpenses": "5727147", "investmentIncomeNet": "None", "netInterestIncome": "None", "interestIncome": "None", "interestExpense": "0", "nonInterestIncome": "None", "otherNonOperatingIncome": "12228", "depreciation": "None", "depreciationAndAmortization": "86369", "incomeBeforeTax": "-5593576", "incomeTaxExpense": "-116650", "interestAndDebtExpense": "None", "netIncomeFromContinuingOperations": "-5593576", "comprehensiveIncomeNetOfTax": "None", "ebit": "-5605804", "ebitda": "-5519435", "netIncome": "-5476926"}, {"fiscalDateEnding": "2018-04-30", "reportedCurrency": "USD", "grossProfit": "249330", "totalRevenue": "750000", "costOfRevenue": "500670", "costofGoodsAndServicesSold": "500670", "operatingIncome": "-1400954", "sellingGeneralAndAdministrative": "908767", "researchAndDevelopment": "660193", "operatingExpenses": "1650284", "investmentIncomeNet": "None", "netInterestIncome": "None", "interestIncome": "None", "interestExpense": "0", "nonInterestIncome": "None", "otherNonOperatingIncome": "8440", "depreciation": "None", "depreciationAndAmortization": "84302", "incomeBeforeTax": "-1392514", "incomeTaxExpense": "-13980", "interestAndDebtExpense": "None", "netIncomeFromContinuingOperations": "-1392514", "comprehensiveIncomeNetOfTax": "None", "ebit": "-1400954", "ebitda": "-1316652", "netIncome": "-1378534"}, {"fiscalDateEnding": "2018-01-31", "reportedCurrency": "USD", "grossProfit": "-25353", "totalRevenue": "0", "costOfRevenue": "25353", "costofGoodsAndServicesSold": "25353", "operatingIncome": "-1874586", "sellingGeneralAndAdministrative": "990036", "researchAndDevelopment": "777873", "operatingExpenses": "1849233", "investmentIncomeNet": "None", "netInterestIncome": "None", "interestIncome": "None", "interestExpense": "57762", "nonInterestIncome": "None", "otherNonOperatingIncome": "9112", "depreciation": "None", "depreciationAndAmortization": "85715", "incomeBeforeTax": "-1865474", "incomeTaxExpense": "-27402", "interestAndDebtExpense": "None", "netIncomeFromContinuingOperations": "-1865474", "comprehensiveIncomeNetOfTax": "None", "ebit": "-1874586", "ebitda": "-1788871", "netIncome": "-1838072"}, {"fiscalDateEnding": "2017-10-31", "reportedCurrency": "USD", "grossProfit": "38917", "totalRevenue": "-74906", "costOfRevenue": "-38917", "costofGoodsAndServicesSold": "-38917", "operatingIncome": "-1737681", "sellingGeneralAndAdministrative": "1343447", "researchAndDevelopment": "351828", "operatingExpenses": "1776598", "investmentIncomeNet": "None", "netInterestIncome": "None", "interestIncome": "None", "interestExpense": "57762", "nonInterestIncome": "None", "otherNonOperatingIncome": "9623", "depreciation": "None", "depreciationAndAmortization": "92443", "incomeBeforeTax": "-1785820", "incomeTaxExpense": "48139", "interestAndDebtExpense": "None", "netIncomeFromContinuingOperations": "-1785820", "comprehensiveIncomeNetOfTax": "None", "ebit": "-1737681", "ebitda": "-1645238", "netIncome": "-1785820"}, {"fiscalDateEnding": "2017-07-31", "reportedCurrency": "USD", "grossProfit": "221373", "totalRevenue": "362500", "costOfRevenue": "141127", "costofGoodsAndServicesSold": "141127", "operatingIncome": "-1730925", "sellingGeneralAndAdministrative": "1507681", "researchAndDevelopment": "362968", "operatingExpenses": "1951974", "investmentIncomeNet": "None", "netInterestIncome": "None", "interestIncome": "None", "interestExpense": "71667", "nonInterestIncome": "None", "otherNonOperatingIncome": "8192", "depreciation": "None", "depreciationAndAmortization": "92143", "incomeBeforeTax": "-1794400", "incomeTaxExpense": "63475", "interestAndDebtExpense": "None", "netIncomeFromContinuingOperations": "-1794400", "comprehensiveIncomeNetOfTax": "None", "ebit": "-1722733", "ebitda": "-1630590", "netIncome": "-1794400"}, {"fiscalDateEnding": "2017-04-30", "reportedCurrency": "USD", "grossProfit": "-225", "totalRevenue": "0", "costOfRevenue": "225", "costofGoodsAndServicesSold": "225", "operatingIncome": "-1212018", "sellingGeneralAndAdministrative": "699345", "researchAndDevelopment": "431124", "operatingExpenses": "1211793", "investmentIncomeNet": "None", "netInterestIncome": "None", "interestIncome": "None", "interestExpense": "175727", "nonInterestIncome": "None", "otherNonOperatingIncome": "1548234", "depreciation": "None", "depreciationAndAmortization": "92097", "incomeBeforeTax": "160489", "incomeTaxExpense": "-1547608", "interestAndDebtExpense": "None", "netIncomeFromContinuingOperations": "160489", "comprehensiveIncomeNetOfTax": "None", "ebit": "-1212018", "ebitda": "-1119921", "netIncome": "160489"}, {"fiscalDateEnding": "2017-01-31", "reportedCurrency": "USD", "grossProfit": "-2121", "totalRevenue": "0", "costOfRevenue": "2121", "costofGoodsAndServicesSold": "2121", "operatingIncome": "-1394960", "sellingGeneralAndAdministrative": "859885", "researchAndDevelopment": "451630", "operatingExpenses": "1392839", "investmentIncomeNet": "None", "netInterestIncome": "None", "interestIncome": "None", "interestExpense": "195299", "nonInterestIncome": "None", "otherNonOperatingIncome": "999", "depreciation": "None", "depreciationAndAmortization": "91829", "incomeBeforeTax": "-1589260", "incomeTaxExpense": "194300", "interestAndDebtExpense": "None", "netIncomeFromContinuingOperations": "-1589260", "comprehensiveIncomeNetOfTax": "None", "ebit": "-1393961", "ebitda": "-1302132", "netIncome": "-1589260"}, {"fiscalDateEnding": "2016-10-31", "reportedCurrency": "USD", "grossProfit": "128017", "totalRevenue": "200000", "costOfRevenue": "71983", "costofGoodsAndServicesSold": "71983", "operatingIncome": "-913302", "sellingGeneralAndAdministrative": "596464", "researchAndDevelopment": "413486", "operatingExpenses": "1041319", "investmentIncomeNet": "None", "netInterestIncome": "None", "interestIncome": "None", "interestExpense": "136708", "nonInterestIncome": "None", "otherNonOperatingIncome": "2340", "depreciation": "None", "depreciationAndAmortization": "114657", "incomeBeforeTax": "-1047670", "incomeTaxExpense": "134368", "interestAndDebtExpense": "None", "netIncomeFromContinuingOperations": "-1047670", "comprehensiveIncomeNetOfTax": "None", "ebit": "-915706", "ebitda": "-801049", "netIncome": "-1047670"}, {"fiscalDateEnding": "2016-07-31", "reportedCurrency": "USD", "grossProfit": "29729", "totalRevenue": "100000", "costOfRevenue": "70271", "costofGoodsAndServicesSold": "70271", "operatingIncome": "-974884", "sellingGeneralAndAdministrative": "923289", "researchAndDevelopment": "292063", "operatingExpenses": "1004613", "investmentIncomeNet": "None", "netInterestIncome": "None", "interestIncome": "None", "interestExpense": "132357", "nonInterestIncome": "None", "otherNonOperatingIncome": "3466", "depreciation": "None", "depreciationAndAmortization": "81324", "incomeBeforeTax": "-1103775", "incomeTaxExpense": "128891", "interestAndDebtExpense": "None", "netIncomeFromContinuingOperations": "-1103775", "comprehensiveIncomeNetOfTax": "None", "ebit": "-971418", "ebitda": "-890094", "netIncome": "-1103775"}, {"fiscalDateEnding": "2016-04-30", "reportedCurrency": "USD", "grossProfit": "-15521", "totalRevenue": "0", "costOfRevenue": "15521", "costofGoodsAndServicesSold": "15521", "operatingIncome": "-1148387", "sellingGeneralAndAdministrative": "1051542", "researchAndDevelopment": "392589", "operatingExpenses": "1132866", "investmentIncomeNet": "None", "netInterestIncome": "None", "interestIncome": "None", "interestExpense": "126980", "nonInterestIncome": "None", "otherNonOperatingIncome": "3473", "depreciation": "None", "depreciationAndAmortization": "77475", "incomeBeforeTax": "-1271894", "incomeTaxExpense": "3849", "interestAndDebtExpense": "None", "netIncomeFromContinuingOperations": "-1271894", "comprehensiveIncomeNetOfTax": "None", "ebit": "-1141065", "ebitda": "-1063590", "netIncome": "-1271894"}, {"fiscalDateEnding": "2016-01-31", "reportedCurrency": "USD", "grossProfit": "-59641", "totalRevenue": "0", "costOfRevenue": "59641", "costofGoodsAndServicesSold": "59641", "operatingIncome": "-1472439", "sellingGeneralAndAdministrative": "1331474", "researchAndDevelopment": "458051", "operatingExpenses": "1412798", "investmentIncomeNet": "None", "netInterestIncome": "None", "interestIncome": "None", "interestExpense": "123901", "nonInterestIncome": "None", "otherNonOperatingIncome": "3251", "depreciation": "None", "depreciationAndAmortization": "85173", "incomeBeforeTax": "-1593089", "incomeTaxExpense": "120650", "interestAndDebtExpense": "None", "netIncomeFromContinuingOperations": "-1593089", "comprehensiveIncomeNetOfTax": "None", "ebit": "-1469188", "ebitda": "-1384015", "netIncome": "-1593089"}, {"fiscalDateEnding": "2015-10-31", "reportedCurrency": "USD", "grossProfit": "-22753", "totalRevenue": "-9644815", "costOfRevenue": "22753", "costofGoodsAndServicesSold": "22753", "operatingIncome": "-1177529", "sellingGeneralAndAdministrative": "1073457", "researchAndDevelopment": "711391", "operatingExpenses": "1154776", "investmentIncomeNet": "None", "netInterestIncome": "None", "interestIncome": "None", "interestExpense": "118127", "nonInterestIncome": "None", "otherNonOperatingIncome": "3243", "depreciation": "None", "depreciationAndAmortization": "81319", "incomeBeforeTax": "-1292413", "incomeTaxExpense": "114884", "interestAndDebtExpense": "None", "netIncomeFromContinuingOperations": "-1292413", "comprehensiveIncomeNetOfTax": "None", "ebit": "-1174286", "ebitda": "-1092967", "netIncome": "-1292413"}, {"fiscalDateEnding": "2015-07-31", "reportedCurrency": "USD", "grossProfit": "13447", "totalRevenue": "95000", "costOfRevenue": "81553", "costofGoodsAndServicesSold": "81553", "operatingIncome": "-1490721", "sellingGeneralAndAdministrative": "1422844", "researchAndDevelopment": "0", "operatingExpenses": "1504168", "investmentIncomeNet": "None", "netInterestIncome": "None", "interestIncome": "None", "interestExpense": "115981", "nonInterestIncome": "None", "otherNonOperatingIncome": "4523", "depreciation": "None", "depreciationAndAmortization": "81324", "incomeBeforeTax": "-1602179", "incomeTaxExpense": "111458", "interestAndDebtExpense": "None", "netIncomeFromContinuingOperations": "-1602179", "comprehensiveIncomeNetOfTax": "None", "ebit": "-1458085", "ebitda": "-1376761", "netIncome": "-1602179"}, {"fiscalDateEnding": "2015-04-30", "reportedCurrency": "USD", "grossProfit": "-95637", "totalRevenue": "25000", "costOfRevenue": "120637", "costofGoodsAndServicesSold": "120637", "operatingIncome": "-2133238", "sellingGeneralAndAdministrative": "1956277", "researchAndDevelopment": "0", "operatingExpenses": "2037601", "investmentIncomeNet": "None", "netInterestIncome": "None", "interestIncome": "None", "interestExpense": "108612", "nonInterestIncome": "None", "otherNonOperatingIncome": "5179", "depreciation": "None", "depreciationAndAmortization": "81324", "incomeBeforeTax": "-2236671", "incomeTaxExpense": "103433", "interestAndDebtExpense": "None", "netIncomeFromContinuingOperations": "-2236671", "comprehensiveIncomeNetOfTax": "None", "ebit": "-2214562", "ebitda": "-2133238", "netIncome": "-2236671"}, {"fiscalDateEnding": "2015-01-31", "reportedCurrency": "USD", "grossProfit": "5711421", "totalRevenue": "9135000", "costOfRevenue": "3423579", "costofGoodsAndServicesSold": "3423579", "operatingIncome": "3856729", "sellingGeneralAndAdministrative": "1773368", "researchAndDevelopment": "0", "operatingExpenses": "1854692", "investmentIncomeNet": "None", "netInterestIncome": "None", "interestIncome": "None", "interestExpense": "109186", "nonInterestIncome": "None", "otherNonOperatingIncome": "4677", "depreciation": "None", "depreciationAndAmortization": "81324", "incomeBeforeTax": "3752220", "incomeTaxExpense": "104509", "interestAndDebtExpense": "None", "netIncomeFromContinuingOperations": "3752220", "comprehensiveIncomeNetOfTax": "None", "ebit": "-1807548", "ebitda": "-1726224", "netIncome": "3752220"}, {"fiscalDateEnding": "2014-10-31", "reportedCurrency": "USD", "grossProfit": "118558", "totalRevenue": "1375000", "costOfRevenue": "1256442", "costofGoodsAndServicesSold": "1256442", "operatingIncome": "-1564473", "sellingGeneralAndAdministrative": "1601707", "researchAndDevelopment": "1187320", "operatingExpenses": "1683031", "investmentIncomeNet": "None", "netInterestIncome": "None", "interestIncome": "None", "interestExpense": "181576", "nonInterestIncome": "None", "otherNonOperatingIncome": "-1344570", "depreciation": "None", "depreciationAndAmortization": "81324", "incomeBeforeTax": "-3153444", "incomeTaxExpense": "1411173", "interestAndDebtExpense": "None", "netIncomeFromContinuingOperations": "-3153444", "comprehensiveIncomeNetOfTax": "None", "ebit": "-1560695", "ebitda": "-1479371", "netIncome": "-3153444"}, {"fiscalDateEnding": "2014-07-31", "reportedCurrency": "USD", "grossProfit": "1024800", "totalRevenue": "1187320", "costOfRevenue": "162520", "costofGoodsAndServicesSold": "162520", "operatingIncome": "-159583", "sellingGeneralAndAdministrative": "1103094", "researchAndDevelopment": "1187320", "operatingExpenses": "1184383", "investmentIncomeNet": "None", "netInterestIncome": "None", "interestIncome": "None", "interestExpense": "280913", "nonInterestIncome": "None", "otherNonOperatingIncome": "851497", "depreciation": "None", "depreciationAndAmortization": "81289", "incomeBeforeTax": "411000", "incomeTaxExpense": "-850000", "interestAndDebtExpense": "None", "netIncomeFromContinuingOperations": "411001", "comprehensiveIncomeNetOfTax": "None", "ebit": "2937", "ebitda": "84226", "netIncome": "411000"}, {"fiscalDateEnding": "2014-04-30", "reportedCurrency": "USD", "grossProfit": "569086", "totalRevenue": "1105000", "costOfRevenue": "535914", "costofGoodsAndServicesSold": "535914", "operatingIncome": "-1355269", "sellingGeneralAndAdministrative": "1842996", "researchAndDevelopment": "0", "operatingExpenses": "1924355", "investmentIncomeNet": "None", "netInterestIncome": "None", "interestIncome": "None", "interestExpense": "422463", "nonInterestIncome": "None", "otherNonOperatingIncome": "-1471711", "depreciation": "None", "depreciationAndAmortization": "81359", "incomeBeforeTax": "-3249443", "incomeTaxExpense": "1473619", "interestAndDebtExpense": "None", "netIncomeFromContinuingOperations": "-3249443", "comprehensiveIncomeNetOfTax": "None", "ebit": "-2826980", "ebitda": "-2745621", "netIncome": "-3249443"}, {"fiscalDateEnding": "2014-01-31", "reportedCurrency": "USD", "grossProfit": "-33198", "totalRevenue": "386720", "costOfRevenue": "33198", "costofGoodsAndServicesSold": "33198", "operatingIncome": "-1964743", "sellingGeneralAndAdministrative": "1931545", "researchAndDevelopment": "0", "operatingExpenses": "1931545", "investmentIncomeNet": "None", "netInterestIncome": "None", "interestIncome": "None", "interestExpense": "378665", "nonInterestIncome": "None", "otherNonOperatingIncome": "-1271020", "depreciation": "None", "depreciationAndAmortization": "70481", "incomeBeforeTax": "-3614428", "incomeTaxExpense": "1272432", "interestAndDebtExpense": "None", "netIncomeFromContinuingOperations": "-3614428", "comprehensiveIncomeNetOfTax": "None", "ebit": "-3235763", "ebitda": "-3165282", "netIncome": "-3614428"}, {"fiscalDateEnding": "2013-10-31", "reportedCurrency": "USD", "grossProfit": "97129", "totalRevenue": "386720", "costOfRevenue": "289591", "costofGoodsAndServicesSold": "289591", "operatingIncome": "-1775225", "sellingGeneralAndAdministrative": "1872354", "researchAndDevelopment": "0", "operatingExpenses": "1872354", "investmentIncomeNet": "None", "netInterestIncome": "None", "interestIncome": "None", "interestExpense": "126831", "nonInterestIncome": "None", "otherNonOperatingIncome": "-15970", "depreciation": "None", "depreciationAndAmortization": "12", "incomeBeforeTax": "-2926754", "incomeTaxExpense": "1024698", "interestAndDebtExpense": "None", "netIncomeFromContinuingOperations": "-2926754", "comprehensiveIncomeNetOfTax": "None", "ebit": "-1775225", "ebitda": "-1775213", "netIncome": "-2926754"}, {"fiscalDateEnding": "2013-07-31", "reportedCurrency": "USD", "grossProfit": "-15205", "totalRevenue": "0", "costOfRevenue": "15205", "costofGoodsAndServicesSold": "15205", "operatingIncome": "-2218605", "sellingGeneralAndAdministrative": "2218605", "researchAndDevelopment": "0", "operatingExpenses": "2218605", "investmentIncomeNet": "None", "netInterestIncome": "None", "interestIncome": "None", "interestExpense": "125035", "nonInterestIncome": "None", "otherNonOperatingIncome": "-1751636", "depreciation": "None", "depreciationAndAmortization": "76", "incomeBeforeTax": "-2581892", "incomeTaxExpense": "238252", "interestAndDebtExpense": "None", "netIncomeFromContinuingOperations": "-2581892", "comprehensiveIncomeNetOfTax": "None", "ebit": "-2218605", "ebitda": "-2218529", "netIncome": "-2581892"}, {"fiscalDateEnding": "2013-04-30", "reportedCurrency": "USD", "grossProfit": "-6750", "totalRevenue": "0", "costOfRevenue": "6750", "costofGoodsAndServicesSold": "6750", "operatingIncome": "-1851025", "sellingGeneralAndAdministrative": "1851025", "researchAndDevelopment": "0", "operatingExpenses": "1851025", "investmentIncomeNet": "None", "netInterestIncome": "None", "interestIncome": "None", "interestExpense": "835458", "nonInterestIncome": "None", "otherNonOperatingIncome": "290194", "depreciation": "None", "depreciationAndAmortization": "30", "incomeBeforeTax": "-2476453", "incomeTaxExpense": "-210030", "interestAndDebtExpense": "None", "netIncomeFromContinuingOperations": "-2476453", "comprehensiveIncomeNetOfTax": "None", "ebit": "-1641025", "ebitda": "-1640995", "netIncome": "-2476453"}, {"fiscalDateEnding": "2013-01-31", "reportedCurrency": "USD", "grossProfit": "-24937", "totalRevenue": "2130", "costOfRevenue": "27067", "costofGoodsAndServicesSold": "27067", "operatingIncome": "-2072799", "sellingGeneralAndAdministrative": "2047862", "researchAndDevelopment": "499204", "operatingExpenses": "2047862", "investmentIncomeNet": "None", "netInterestIncome": "None", "interestIncome": "None", "interestExpense": "22195", "nonInterestIncome": "None", "otherNonOperatingIncome": "1002223", "depreciation": "None", "depreciationAndAmortization": "1424", "incomeBeforeTax": "-2094987", "incomeTaxExpense": "22188", "interestAndDebtExpense": "None", "netIncomeFromContinuingOperations": "-2094987", "comprehensiveIncomeNetOfTax": "None", "ebit": "-2072792", "ebitda": "-2071368", "netIncome": "-2094987"}, {"fiscalDateEnding": "2012-10-31", "reportedCurrency": "USD", "grossProfit": "-1575", "totalRevenue": "350", "costOfRevenue": "1925", "costofGoodsAndServicesSold": "1925", "operatingIncome": "-1725764", "sellingGeneralAndAdministrative": "1224985", "researchAndDevelopment": "499204", "operatingExpenses": "1724189", "investmentIncomeNet": "None", "netInterestIncome": "None", "interestIncome": "None", "interestExpense": "7664", "nonInterestIncome": "None", "otherNonOperatingIncome": "425", "depreciation": "None", "depreciationAndAmortization": "1611", "incomeBeforeTax": "-1860503", "incomeTaxExpense": "151660", "interestAndDebtExpense": "None", "netIncomeFromContinuingOperations": "-1860503", "comprehensiveIncomeNetOfTax": "None", "ebit": "-1861938", "ebitda": "-1860327", "netIncome": "-1860503"}, {"fiscalDateEnding": "2012-07-31", "reportedCurrency": "USD", "grossProfit": "248756", "totalRevenue": "249470", "costOfRevenue": "714", "costofGoodsAndServicesSold": "714", "operatingIncome": "-643338", "sellingGeneralAndAdministrative": "433682", "researchAndDevelopment": "458412", "operatingExpenses": "892094", "investmentIncomeNet": "None", "netInterestIncome": "None", "interestIncome": "None", "interestExpense": "0", "nonInterestIncome": "None", "otherNonOperatingIncome": "14236", "depreciation": "None", "depreciationAndAmortization": "1712", "incomeBeforeTax": "-629102", "incomeTaxExpense": "-27699", "interestAndDebtExpense": "None", "netIncomeFromContinuingOperations": "-629102", "comprehensiveIncomeNetOfTax": "None", "ebit": "-630814", "ebitda": "-629102", "netIncome": "-629102"}, {"fiscalDateEnding": "2012-04-30", "reportedCurrency": "USD", "grossProfit": "247573", "totalRevenue": "248070", "costOfRevenue": "497", "costofGoodsAndServicesSold": "497", "operatingIncome": "-878198", "sellingGeneralAndAdministrative": "521560", "researchAndDevelopment": "604211", "operatingExpenses": "1125771", "investmentIncomeNet": "None", "netInterestIncome": "None", "interestIncome": "None", "interestExpense": "0", "nonInterestIncome": "None", "otherNonOperatingIncome": "1089", "depreciation": "None", "depreciationAndAmortization": "1834", "incomeBeforeTax": "-877109", "incomeTaxExpense": "-1089", "interestAndDebtExpense": "None", "netIncomeFromContinuingOperations": "-877109", "comprehensiveIncomeNetOfTax": "None", "ebit": "-878198", "ebitda": "-876364", "netIncome": "-877109"}, {"fiscalDateEnding": "2012-01-31", "reportedCurrency": "USD", "grossProfit": "448458", "totalRevenue": "449195", "costOfRevenue": "737", "costofGoodsAndServicesSold": "737", "operatingIncome": "-887256", "sellingGeneralAndAdministrative": "686035", "researchAndDevelopment": "649679", "operatingExpenses": "1335714", "investmentIncomeNet": "None", "netInterestIncome": "None", "interestIncome": "None", "interestExpense": "0", "nonInterestIncome": "None", "otherNonOperatingIncome": "1171", "depreciation": "None", "depreciationAndAmortization": "2077", "incomeBeforeTax": "-886085", "incomeTaxExpense": "-1171", "interestAndDebtExpense": "None", "netIncomeFromContinuingOperations": "-886085", "comprehensiveIncomeNetOfTax": "None", "ebit": "-887256", "ebitda": "-885179", "netIncome": "-886085"}, {"fiscalDateEnding": "2011-10-31", "reportedCurrency": "USD", "grossProfit": "448363", "totalRevenue": "448960", "costOfRevenue": "597", "costofGoodsAndServicesSold": "597", "operatingIncome": "-1006916", "sellingGeneralAndAdministrative": "718868", "researchAndDevelopment": "736411", "operatingExpenses": "1455279", "investmentIncomeNet": "None", "netInterestIncome": "None", "interestIncome": "None", "interestExpense": "67667", "nonInterestIncome": "None", "otherNonOperatingIncome": "None", "depreciation": "None", "depreciationAndAmortization": "1985", "incomeBeforeTax": "-2791389", "incomeTaxExpense": "3570266", "interestAndDebtExpense": "None", "netIncomeFromContinuingOperations": "0", "comprehensiveIncomeNetOfTax": "None", "ebit": "-1006916", "ebitda": "-1004931", "netIncome": "-2791389"}, {"fiscalDateEnding": "2011-07-31", "reportedCurrency": "USD", "grossProfit": "446734", "totalRevenue": "450360", "costOfRevenue": "3626", "costofGoodsAndServicesSold": "3626", "operatingIncome": "-1207658", "sellingGeneralAndAdministrative": "774748", "researchAndDevelopment": "879644", "operatingExpenses": "1654392", "investmentIncomeNet": "None", "netInterestIncome": "None", "interestIncome": "None", "interestExpense": "67667", "nonInterestIncome": "None", "otherNonOperatingIncome": "34160", "depreciation": "None", "depreciationAndAmortization": "2007", "incomeBeforeTax": "-1173498", "incomeTaxExpense": "600000", "interestAndDebtExpense": "None", "netIncomeFromContinuingOperations": "-1773498", "comprehensiveIncomeNetOfTax": "None", "ebit": "-1207658", "ebitda": "-1205651", "netIncome": "-1773498"}, {"fiscalDateEnding": "2011-04-30", "reportedCurrency": "USD", "grossProfit": "62263", "totalRevenue": "86915", "costOfRevenue": "24652", "costofGoodsAndServicesSold": "24652", "operatingIncome": "-1287554", "sellingGeneralAndAdministrative": "618011", "researchAndDevelopment": "731806", "operatingExpenses": "1349817", "investmentIncomeNet": "None", "netInterestIncome": "None", "interestIncome": "None", "interestExpense": "0", "nonInterestIncome": "None", "otherNonOperatingIncome": "None", "depreciation": "None", "depreciationAndAmortization": "2055", "incomeBeforeTax": "-1287040", "incomeTaxExpense": "-514", "interestAndDebtExpense": "None", "netIncomeFromContinuingOperations": "0", "comprehensiveIncomeNetOfTax": "None", "ebit": "-1287554", "ebitda": "-1285499", "netIncome": "-1287040"}, {"fiscalDateEnding": "2011-01-31", "reportedCurrency": "USD", "grossProfit": "11752", "totalRevenue": "16958", "costOfRevenue": "5206", "costofGoodsAndServicesSold": "5206", "operatingIncome": "-1526138", "sellingGeneralAndAdministrative": "760978", "researchAndDevelopment": "776912", "operatingExpenses": "1537890", "investmentIncomeNet": "None", "netInterestIncome": "None", "interestIncome": "None", "interestExpense": "0", "nonInterestIncome": "None", "otherNonOperatingIncome": "None", "depreciation": "None", "depreciationAndAmortization": "1930", "incomeBeforeTax": "-1526109", "incomeTaxExpense": "-29", "interestAndDebtExpense": "None", "netIncomeFromContinuingOperations": "0", "comprehensiveIncomeNetOfTax": "None", "ebit": "-1526138", "ebitda": "-1524208", "netIncome": "-1526109"}, {"fiscalDateEnding": "2010-10-31", "reportedCurrency": "USD", "grossProfit": "303998", "totalRevenue": "311250", "costOfRevenue": "7252", "costofGoodsAndServicesSold": "7252", "operatingIncome": "-1126976", "sellingGeneralAndAdministrative": "643047", "researchAndDevelopment": "787927", "operatingExpenses": "1430974", "investmentIncomeNet": "None", "netInterestIncome": "None", "interestIncome": "None", "interestExpense": "0", "nonInterestIncome": "None", "otherNonOperatingIncome": "None", "depreciation": "None", "depreciationAndAmortization": "2055", "incomeBeforeTax": "-1126930", "incomeTaxExpense": "0", "interestAndDebtExpense": "None", "netIncomeFromContinuingOperations": "0", "comprehensiveIncomeNetOfTax": "None", "ebit": "-1126976", "ebitda": "-1124921", "netIncome": "-1126930"}, {"fiscalDateEnding": "2010-07-31", "reportedCurrency": "USD", "grossProfit": "24026", "totalRevenue": "58030", "costOfRevenue": "34004", "costofGoodsAndServicesSold": "34004", "operatingIncome": "-1270261", "sellingGeneralAndAdministrative": "620967", "researchAndDevelopment": "673320", "operatingExpenses": "1294287", "investmentIncomeNet": "None", "netInterestIncome": "None", "interestIncome": "None", "interestExpense": "0", "nonInterestIncome": "None", "otherNonOperatingIncome": "None", "depreciation": "None", "depreciationAndAmortization": "2088", "incomeBeforeTax": "-1270133", "incomeTaxExpense": "-673448", "interestAndDebtExpense": "None", "netIncomeFromContinuingOperations": "0", "comprehensiveIncomeNetOfTax": "None", "ebit": "-1270261", "ebitda": "-1268173", "netIncome": "-1270133"}, {"fiscalDateEnding": "2010-04-30", "reportedCurrency": "USD", "grossProfit": "303481", "totalRevenue": "322525", "costOfRevenue": "19044", "costofGoodsAndServicesSold": "19044", "operatingIncome": "-1340377", "sellingGeneralAndAdministrative": "794583", "researchAndDevelopment": "849275", "operatingExpenses": "1643858", "investmentIncomeNet": "None", "netInterestIncome": "None", "interestIncome": "None", "interestExpense": "0", "nonInterestIncome": "None", "otherNonOperatingIncome": "None", "depreciation": "None", "depreciationAndAmortization": "2089", "incomeBeforeTax": "-1271904", "incomeTaxExpense": "-136684", "interestAndDebtExpense": "None", "netIncomeFromContinuingOperations": "0", "comprehensiveIncomeNetOfTax": "None", "ebit": "-1340377", "ebitda": "-1338288", "netIncome": "-1271904"}, {"fiscalDateEnding": "2010-01-31", "reportedCurrency": "USD", "grossProfit": "16863", "totalRevenue": "38870", "costOfRevenue": "22007", "costofGoodsAndServicesSold": "22007", "operatingIncome": "-1510606", "sellingGeneralAndAdministrative": "830532", "researchAndDevelopment": "696937", "operatingExpenses": "1527469", "investmentIncomeNet": "None", "netInterestIncome": "None", "interestIncome": "None", "interestExpense": "0", "nonInterestIncome": "None", "otherNonOperatingIncome": "None", "depreciation": "None", "depreciationAndAmortization": "2126", "incomeBeforeTax": "-1506164", "incomeTaxExpense": "-4442", "interestAndDebtExpense": "None", "netIncomeFromContinuingOperations": "0", "comprehensiveIncomeNetOfTax": "None", "ebit": "-1510606", "ebitda": "-1508480", "netIncome": "-1506164"}, {"fiscalDateEnding": "2009-10-31", "reportedCurrency": "USD", "grossProfit": "112056", "totalRevenue": "119160", "costOfRevenue": "7104", "costofGoodsAndServicesSold": "7104", "operatingIncome": "-3369796", "sellingGeneralAndAdministrative": "1898574", "researchAndDevelopment": "1583278", "operatingExpenses": "3481852", "investmentIncomeNet": "None", "netInterestIncome": "None", "interestIncome": "None", "interestExpense": "0", "nonInterestIncome": "None", "otherNonOperatingIncome": "None", "depreciation": "None", "depreciationAndAmortization": "2518", "incomeBeforeTax": "-3369796", "incomeTaxExpense": "18433566", "interestAndDebtExpense": "None", "netIncomeFromContinuingOperations": "0", "comprehensiveIncomeNetOfTax": "None", "ebit": "-3369796", "ebitda": "-3367278", "netIncome": "-12584390"}, {"fiscalDateEnding": "2009-07-31", "reportedCurrency": "USD", "grossProfit": "-384193", "totalRevenue": "299765", "costOfRevenue": "683958", "costofGoodsAndServicesSold": "683958", "operatingIncome": "-1190301", "sellingGeneralAndAdministrative": "806108", "researchAndDevelopment": "649092", "operatingExpenses": "1455200", "investmentIncomeNet": "None", "netInterestIncome": "None", "interestIncome": "None", "interestExpense": "0", "nonInterestIncome": "None", "otherNonOperatingIncome": "None", "depreciation": "None", "depreciationAndAmortization": "2533", "incomeBeforeTax": "-1185764", "incomeTaxExpense": "-4537", "interestAndDebtExpense": "None", "netIncomeFromContinuingOperations": "0", "comprehensiveIncomeNetOfTax": "None", "ebit": "-1190301", "ebitda": "-1187768", "netIncome": "-1185764"}, {"fiscalDateEnding": "2009-04-30", "reportedCurrency": "USD", "grossProfit": "258643", "totalRevenue": "262750", "costOfRevenue": "4107", "costofGoodsAndServicesSold": "4107", "operatingIncome": "-1378229", "sellingGeneralAndAdministrative": "574823", "researchAndDevelopment": "1062049", "operatingExpenses": "1636872", "investmentIncomeNet": "None", "netInterestIncome": "None", "interestIncome": "None", "interestExpense": "0", "nonInterestIncome": "None", "otherNonOperatingIncome": "None", "depreciation": "None", "depreciationAndAmortization": "2760", "incomeBeforeTax": "-1348761", "incomeTaxExpense": "-63546", "interestAndDebtExpense": "None", "netIncomeFromContinuingOperations": "0", "comprehensiveIncomeNetOfTax": "None", "ebit": "-1378229", "ebitda": "-1375469", "netIncome": "-1344151"}, {"fiscalDateEnding": "2009-01-31", "reportedCurrency": "USD", "grossProfit": "354511", "totalRevenue": "374122", "costOfRevenue": "19611", "costofGoodsAndServicesSold": "19611", "operatingIncome": "-1381992", "sellingGeneralAndAdministrative": "914722", "researchAndDevelopment": "821781", "operatingExpenses": "1736503", "investmentIncomeNet": "None", "netInterestIncome": "None", "interestIncome": "None", "interestExpense": "0", "nonInterestIncome": "None", "otherNonOperatingIncome": "None", "depreciation": "None", "depreciationAndAmortization": "2801", "incomeBeforeTax": "-1374710", "incomeTaxExpense": "-7282", "interestAndDebtExpense": "None", "netIncomeFromContinuingOperations": "0", "comprehensiveIncomeNetOfTax": "None", "ebit": "-1381992", "ebitda": "-1379191", "netIncome": "-1374710"}, {"fiscalDateEnding": "2008-10-31", "reportedCurrency": "USD", "grossProfit": "952700", "totalRevenue": "963413", "costOfRevenue": "10713", "costofGoodsAndServicesSold": "10713", "operatingIncome": "-592450", "sellingGeneralAndAdministrative": "792027", "researchAndDevelopment": "753123", "operatingExpenses": "1545150", "investmentIncomeNet": "None", "netInterestIncome": "None", "interestIncome": "None", "interestExpense": "0", "nonInterestIncome": "None", "otherNonOperatingIncome": "None", "depreciation": "None", "depreciationAndAmortization": "1", "incomeBeforeTax": "-592451", "incomeTaxExpense": "-26688", "interestAndDebtExpense": "None", "netIncomeFromContinuingOperations": "0", "comprehensiveIncomeNetOfTax": "None", "ebit": "-592450", "ebitda": "-592449", "netIncome": "-565762"}, {"fiscalDateEnding": "2008-07-31", "reportedCurrency": "USD", "grossProfit": "847419", "totalRevenue": "882130", "costOfRevenue": "34711", "costofGoodsAndServicesSold": "34711", "operatingIncome": "-741382", "sellingGeneralAndAdministrative": "658535", "researchAndDevelopment": "930266", "operatingExpenses": "1588801", "investmentIncomeNet": "None", "netInterestIncome": "None", "interestIncome": "None", "interestExpense": "0", "nonInterestIncome": "None", "otherNonOperatingIncome": "None", "depreciation": "None", "depreciationAndAmortization": "2809", "incomeBeforeTax": "-729166", "incomeTaxExpense": "-12216", "interestAndDebtExpense": "None", "netIncomeFromContinuingOperations": "0", "comprehensiveIncomeNetOfTax": "None", "ebit": "-741382", "ebitda": "-738573", "netIncome": "-729166"}, {"fiscalDateEnding": "2008-04-30", "reportedCurrency": "USD", "grossProfit": "128083", "totalRevenue": "165355", "costOfRevenue": "37272", "costofGoodsAndServicesSold": "37272", "operatingIncome": "-1963154", "sellingGeneralAndAdministrative": "959935", "researchAndDevelopment": "1131302", "operatingExpenses": "2091237", "investmentIncomeNet": "None", "netInterestIncome": "None", "interestIncome": "None", "interestExpense": "267648", "nonInterestIncome": "None", "otherNonOperatingIncome": "None", "depreciation": "None", "depreciationAndAmortization": "2698", "incomeBeforeTax": "-1826393", "incomeTaxExpense": "14958", "interestAndDebtExpense": "None", "netIncomeFromContinuingOperations": "0", "comprehensiveIncomeNetOfTax": "None", "ebit": "-1978112", "ebitda": "-1975414", "netIncome": "-1841351"}, {"fiscalDateEnding": "2008-01-31", "reportedCurrency": "USD", "grossProfit": "39327", "totalRevenue": "52225", "costOfRevenue": "12898", "costofGoodsAndServicesSold": "12898", "operatingIncome": "-2692532", "sellingGeneralAndAdministrative": "1419157", "researchAndDevelopment": "1312702", "operatingExpenses": "2731859", "investmentIncomeNet": "None", "netInterestIncome": "None", "interestIncome": "None", "interestExpense": "0", "nonInterestIncome": "None", "otherNonOperatingIncome": "None", "depreciation": "None", "depreciationAndAmortization": "2302", "incomeBeforeTax": "0", "incomeTaxExpense": "-7207", "interestAndDebtExpense": "None", "netIncomeFromContinuingOperations": "0", "comprehensiveIncomeNetOfTax": "None", "ebit": "-2692532", "ebitda": "-2690230", "netIncome": "-2685325"}, {"fiscalDateEnding": "2007-10-31", "reportedCurrency": "USD", "grossProfit": "99080", "totalRevenue": "145675", "costOfRevenue": "46595", "costofGoodsAndServicesSold": "46595", "operatingIncome": "-1206395", "sellingGeneralAndAdministrative": "491468", "researchAndDevelopment": "814007", "operatingExpenses": "1011675", "investmentIncomeNet": "None", "netInterestIncome": "None", "interestIncome": "None", "interestExpense": "0", "nonInterestIncome": "None", "otherNonOperatingIncome": "None", "depreciation": "None", "depreciationAndAmortization": "2180", "incomeBeforeTax": "0", "incomeTaxExpense": "284772", "interestAndDebtExpense": "None", "netIncomeFromContinuingOperations": "0", "comprehensiveIncomeNetOfTax": "None", "ebit": "-912595", "ebitda": "-910415", "netIncome": "-1197367"}, {"fiscalDateEnding": "2007-07-31", "reportedCurrency": "USD", "grossProfit": "77038", "totalRevenue": "114000", "costOfRevenue": "36962", "costofGoodsAndServicesSold": "36962", "operatingIncome": "-1062773", "sellingGeneralAndAdministrative": "469089", "researchAndDevelopment": "670722", "operatingExpenses": "1139811", "investmentIncomeNet": "None", "netInterestIncome": "None", "interestIncome": "None", "interestExpense": "0", "nonInterestIncome": "None", "otherNonOperatingIncome": "None", "depreciation": "None", "depreciationAndAmortization": "2210", "incomeBeforeTax": "0", "incomeTaxExpense": "-7252", "interestAndDebtExpense": "None", "netIncomeFromContinuingOperations": "0", "comprehensiveIncomeNetOfTax": "None", "ebit": "-1062773", "ebitda": "-1060563", "netIncome": "-1055521"}, {"fiscalDateEnding": "2007-04-30", "reportedCurrency": "USD", "grossProfit": "60820", "totalRevenue": "96427", "costOfRevenue": "35607", "costofGoodsAndServicesSold": "35607", "operatingIncome": "-1440111", "sellingGeneralAndAdministrative": "584648", "researchAndDevelopment": "916283", "operatingExpenses": "1500931", "investmentIncomeNet": "None", "netInterestIncome": "None", "interestIncome": "None", "interestExpense": "0", "nonInterestIncome": "None", "otherNonOperatingIncome": "None", "depreciation": "None", "depreciationAndAmortization": "2405", "incomeBeforeTax": "-1431896", "incomeTaxExpense": "-8215", "interestAndDebtExpense": "None", "netIncomeFromContinuingOperations": "0", "comprehensiveIncomeNetOfTax": "None", "ebit": "-1440111", "ebitda": "-1437706", "netIncome": "-1431896"}, {"fiscalDateEnding": "2007-01-31", "reportedCurrency": "USD", "grossProfit": "89554", "totalRevenue": "130750", "costOfRevenue": "41196", "costofGoodsAndServicesSold": "41196", "operatingIncome": "-1783088", "sellingGeneralAndAdministrative": "869711", "researchAndDevelopment": "1002931", "operatingExpenses": "1872642", "investmentIncomeNet": "None", "netInterestIncome": "None", "interestIncome": "None", "interestExpense": "0", "nonInterestIncome": "None", "otherNonOperatingIncome": "None", "depreciation": "None", "depreciationAndAmortization": "3094", "incomeBeforeTax": "0", "incomeTaxExpense": "-9654", "interestAndDebtExpense": "None", "netIncomeFromContinuingOperations": "0", "comprehensiveIncomeNetOfTax": "None", "ebit": "-1783088", "ebitda": "-1779994", "netIncome": "-1773434"}, {"fiscalDateEnding": "2006-10-31", "reportedCurrency": "USD", "grossProfit": "74990", "totalRevenue": "110878", "costOfRevenue": "35888", "costofGoodsAndServicesSold": "35888", "operatingIncome": "-1807746", "sellingGeneralAndAdministrative": "851303", "researchAndDevelopment": "1031433", "operatingExpenses": "1882736", "investmentIncomeNet": "None", "netInterestIncome": "None", "interestIncome": "None", "interestExpense": "0", "nonInterestIncome": "None", "otherNonOperatingIncome": "None", "depreciation": "None", "depreciationAndAmortization": "3456", "incomeBeforeTax": "0", "incomeTaxExpense": "-6556", "interestAndDebtExpense": "None", "netIncomeFromContinuingOperations": "0", "comprehensiveIncomeNetOfTax": "None", "ebit": "-1807746", "ebitda": "-1804290", "netIncome": "-1801190"}, {"fiscalDateEnding": "2006-07-31", "reportedCurrency": "USD", "grossProfit": "91600", "totalRevenue": "130845", "costOfRevenue": "39245", "costofGoodsAndServicesSold": "39245", "operatingIncome": "-2154726", "sellingGeneralAndAdministrative": "933854", "researchAndDevelopment": "1312472", "operatingExpenses": "2246326", "investmentIncomeNet": "None", "netInterestIncome": "None", "interestIncome": "None", "interestExpense": "0", "nonInterestIncome": "None", "otherNonOperatingIncome": "None", "depreciation": "None", "depreciationAndAmortization": "3736", "incomeBeforeTax": "0", "incomeTaxExpense": "-7451", "interestAndDebtExpense": "None", "netIncomeFromContinuingOperations": "0", "comprehensiveIncomeNetOfTax": "None", "ebit": "-2154726", "ebitda": "-2150990", "netIncome": "-2147275"}, {"fiscalDateEnding": "2006-04-30", "reportedCurrency": "USD", "grossProfit": "45683", "totalRevenue": "71538", "costOfRevenue": "25855", "costofGoodsAndServicesSold": "25855", "operatingIncome": "-2419392", "sellingGeneralAndAdministrative": "851268", "researchAndDevelopment": "1613807", "operatingExpenses": "2465075", "investmentIncomeNet": "None", "netInterestIncome": "None", "interestIncome": "None", "interestExpense": "0", "nonInterestIncome": "None", "otherNonOperatingIncome": "None", "depreciation": "None", "depreciationAndAmortization": "3965", "incomeBeforeTax": "0", "incomeTaxExpense": "-6513", "interestAndDebtExpense": "None", "netIncomeFromContinuingOperations": "0", "comprehensiveIncomeNetOfTax": "None", "ebit": "-2419392", "ebitda": "-2415427", "netIncome": "-2412879"}, {"fiscalDateEnding": "2006-01-31", "reportedCurrency": "USD", "grossProfit": "139932", "totalRevenue": "195390", "costOfRevenue": "55458", "costofGoodsAndServicesSold": "55458", "operatingIncome": "-1245752", "sellingGeneralAndAdministrative": "729096", "researchAndDevelopment": "656588", "operatingExpenses": "1385684", "investmentIncomeNet": "None", "netInterestIncome": "None", "interestIncome": "None", "interestExpense": "0", "nonInterestIncome": "None", "otherNonOperatingIncome": "None", "depreciation": "None", "depreciationAndAmortization": "3915", "incomeBeforeTax": "0", "incomeTaxExpense": "-6195", "interestAndDebtExpense": "None", "netIncomeFromContinuingOperations": "0", "comprehensiveIncomeNetOfTax": "None", "ebit": "-1245752", "ebitda": "-1241837", "netIncome": "-1239557"}, {"fiscalDateEnding": "2005-10-31", "reportedCurrency": "USD", "grossProfit": "-116009", "totalRevenue": "48360", "costOfRevenue": "164369", "costofGoodsAndServicesSold": "164369", "operatingIncome": "-1149797", "sellingGeneralAndAdministrative": "492074", "researchAndDevelopment": "541714", "operatingExpenses": "1033788", "investmentIncomeNet": "None", "netInterestIncome": "None", "interestIncome": "None", "interestExpense": "0", "nonInterestIncome": "None", "otherNonOperatingIncome": "None", "depreciation": "None", "depreciationAndAmortization": "3737", "incomeBeforeTax": "0", "incomeTaxExpense": "-4082", "interestAndDebtExpense": "None", "netIncomeFromContinuingOperations": "0", "comprehensiveIncomeNetOfTax": "None", "ebit": "-1149797", "ebitda": "-1146060", "netIncome": "-1145715"}]}