{"symbol": "ACLX", "annualReports": [{"fiscalDateEnding": "2024-12-31", "reportedCurrency": "USD", "grossProfit": "102748000", "totalRevenue": "107936000", "costOfRevenue": "5188000", "costofGoodsAndServicesSold": "5188000", "operatingIncome": "-137571000", "sellingGeneralAndAdministrative": "88414000", "researchAndDevelopment": "157093000", "operatingExpenses": "240319000", "investmentIncomeNet": "None", "netInterestIncome": "32292000", "interestIncome": "33322000", "interestExpense": "1030000", "nonInterestIncome": "None", "otherNonOperatingIncome": "None", "depreciation": "None", "depreciationAndAmortization": "5188000", "incomeBeforeTax": "-105279000", "incomeTaxExpense": "2069000", "interestAndDebtExpense": "None", "netIncomeFromContinuingOperations": "-107348000", "comprehensiveIncomeNetOfTax": "None", "ebit": "-104249000", "ebitda": "-99061000", "netIncome": "-107348000"}, {"fiscalDateEnding": "2023-12-31", "reportedCurrency": "USD", "grossProfit": "110319000", "totalRevenue": "110319000", "costOfRevenue": "2040000", "costofGoodsAndServicesSold": "2040000", "operatingIncome": "-89880000", "sellingGeneralAndAdministrative": "66350000", "researchAndDevelopment": "133849000", "operatingExpenses": "200199000", "investmentIncomeNet": "None", "netInterestIncome": "15398000", "interestIncome": "19379000", "interestExpense": "3842000", "nonInterestIncome": "None", "otherNonOperatingIncome": "None", "depreciation": "None", "depreciationAndAmortization": "2040000", "incomeBeforeTax": "-70027000", "incomeTaxExpense": "663000", "interestAndDebtExpense": "None", "netIncomeFromContinuingOperations": "-129526000", "comprehensiveIncomeNetOfTax": "None", "ebit": "-66185000", "ebitda": "-64145000", "netIncome": "-70690000"}, {"fiscalDateEnding": "2022-12-31", "reportedCurrency": "USD", "grossProfit": "-2224000", "totalRevenue": "17912000", "costOfRevenue": "2224000", "costofGoodsAndServicesSold": "2224000", "operatingIncome": "-191259000", "sellingGeneralAndAdministrative": "41704000", "researchAndDevelopment": "149555000", "operatingExpenses": "189035000", "investmentIncomeNet": "None", "netInterestIncome": "2580000", "interestIncome": "4300000", "interestExpense": "1720000", "nonInterestIncome": "None", "otherNonOperatingIncome": "None", "depreciation": "None", "depreciationAndAmortization": "2224000", "incomeBeforeTax": "-188679000", "incomeTaxExpense": "-2580000", "interestAndDebtExpense": "None", "netIncomeFromContinuingOperations": "-188679000", "comprehensiveIncomeNetOfTax": "None", "ebit": "-186959000", "ebitda": "-184735000", "netIncome": "-188679000"}, {"fiscalDateEnding": "2021-12-31", "reportedCurrency": "USD", "grossProfit": "-1040999", "totalRevenue": "0", "costOfRevenue": "1040999", "costofGoodsAndServicesSold": "1040999", "operatingIncome": "-65018000", "sellingGeneralAndAdministrative": "18135000", "researchAndDevelopment": "46883000", "operatingExpenses": "65018000", "investmentIncomeNet": "None", "netInterestIncome": "49000", "interestIncome": "59000", "interestExpense": "49000", "nonInterestIncome": "None", "otherNonOperatingIncome": "None", "depreciation": "None", "depreciationAndAmortization": "1041000", "incomeBeforeTax": "-64969000", "incomeTaxExpense": "-1041000", "interestAndDebtExpense": "None", "netIncomeFromContinuingOperations": "-64969000", "comprehensiveIncomeNetOfTax": "None", "ebit": "-65018000", "ebitda": "-63977000", "netIncome": "-63928000"}, {"fiscalDateEnding": "2020-12-31", "reportedCurrency": "USD", "grossProfit": "-629000", "totalRevenue": "0", "costOfRevenue": "629000", "costofGoodsAndServicesSold": "629000", "operatingIncome": "-32095999", "sellingGeneralAndAdministrative": "7040000", "researchAndDevelopment": "25056000", "operatingExpenses": "32095999", "investmentIncomeNet": "None", "netInterestIncome": "None", "interestIncome": "None", "interestExpense": "0", "nonInterestIncome": "None", "otherNonOperatingIncome": "None", "depreciation": "None", "depreciationAndAmortization": "628999", "incomeBeforeTax": "-32095000", "incomeTaxExpense": "422703", "interestAndDebtExpense": "None", "netIncomeFromContinuingOperations": "-32095000", "comprehensiveIncomeNetOfTax": "None", "ebit": "-32095999", "ebitda": "-31467000", "netIncome": "-32095000"}, {"fiscalDateEnding": "2019-12-31", "reportedCurrency": "USD", "grossProfit": "-326000", "totalRevenue": "0", "costOfRevenue": "326000", "costofGoodsAndServicesSold": "326000", "operatingIncome": "-17974000", "sellingGeneralAndAdministrative": "2208000", "researchAndDevelopment": "15766000", "operatingExpenses": "17974000", "investmentIncomeNet": "None", "netInterestIncome": "None", "interestIncome": "None", "interestExpense": "0", "nonInterestIncome": "None", "otherNonOperatingIncome": "None", "depreciation": "None", "depreciationAndAmortization": "326000", "incomeBeforeTax": "-17972000", "incomeTaxExpense": "154140", "interestAndDebtExpense": "None", "netIncomeFromContinuingOperations": "-17972000", "comprehensiveIncomeNetOfTax": "None", "ebit": "-17972000", "ebitda": "-17646000", "netIncome": "-17972000"}, {"fiscalDateEnding": "2018-12-31", "reportedCurrency": "USD", "grossProfit": "None", "totalRevenue": "None", "costOfRevenue": "None", "costofGoodsAndServicesSold": "None", "operatingIncome": "-8309000", "sellingGeneralAndAdministrative": "2197000", "researchAndDevelopment": "6112000", "operatingExpenses": "8308000", "investmentIncomeNet": "None", "netInterestIncome": "None", "interestIncome": "None", "interestExpense": "0", "nonInterestIncome": "None", "otherNonOperatingIncome": "None", "depreciation": "None", "depreciationAndAmortization": "93000", "incomeBeforeTax": "-8308000", "incomeTaxExpense": "None", "interestAndDebtExpense": "None", "netIncomeFromContinuingOperations": "None", "comprehensiveIncomeNetOfTax": "None", "ebit": "-8309000", "ebitda": "-8216000", "netIncome": "-8308000"}], "quarterlyReports": [{"fiscalDateEnding": "2025-09-30", "reportedCurrency": "USD", "grossProfit": "-30139000", "totalRevenue": "4949000", "costOfRevenue": "35088000", "costofGoodsAndServicesSold": "35088000", "operatingIncome": "-61776000", "sellingGeneralAndAdministrative": "31637000", "researchAndDevelopment": "35088000", "operatingExpenses": "31637000", "investmentIncomeNet": "None", "netInterestIncome": "5995000", "interestIncome": "5995000", "interestExpense": "0", "nonInterestIncome": "None", "otherNonOperatingIncome": "None", "depreciation": "None", "depreciationAndAmortization": "1843000", "incomeBeforeTax": "-55781000", "incomeTaxExpense": "None", "interestAndDebtExpense": "None", "netIncomeFromContinuingOperations": "-55781000", "comprehensiveIncomeNetOfTax": "None", "ebit": "-55781000", "ebitda": "-53938000", "netIncome": "-55781000"}, {"fiscalDateEnding": "2025-06-30", "reportedCurrency": "USD", "grossProfit": "7554000", "totalRevenue": "7554000", "costOfRevenue": "1618000", "costofGoodsAndServicesSold": "1618000", "operatingIncome": "-58726000", "sellingGeneralAndAdministrative": "28653000", "researchAndDevelopment": "37627000", "operatingExpenses": "66280000", "investmentIncomeNet": "None", "netInterestIncome": "5984000", "interestIncome": "5984000", "interestExpense": "0", "nonInterestIncome": "None", "otherNonOperatingIncome": "None", "depreciation": "None", "depreciationAndAmortization": "1618000", "incomeBeforeTax": "-52742000", "incomeTaxExpense": "29000", "interestAndDebtExpense": "None", "netIncomeFromContinuingOperations": "-52771000", "comprehensiveIncomeNetOfTax": "None", "ebit": "-52742000", "ebitda": "-51124000", "netIncome": "-52771000"}, {"fiscalDateEnding": "2025-03-31", "reportedCurrency": "USD", "grossProfit": "8129000", "totalRevenue": "8129000", "costOfRevenue": "None", "costofGoodsAndServicesSold": "None", "operatingIncome": "-68898000", "sellingGeneralAndAdministrative": "26226000", "researchAndDevelopment": "50801000", "operatingExpenses": "77027000", "investmentIncomeNet": "None", "netInterestIncome": "6628000", "interestIncome": "6640000", "interestExpense": "12000", "nonInterestIncome": "None", "otherNonOperatingIncome": "None", "depreciation": "None", "depreciationAndAmortization": "1576000", "incomeBeforeTax": "-62270000", "incomeTaxExpense": "None", "interestAndDebtExpense": "None", "netIncomeFromContinuingOperations": "-62270000", "comprehensiveIncomeNetOfTax": "None", "ebit": "-62258000", "ebitda": "-60682000", "netIncome": "-62270000"}, {"fiscalDateEnding": "2024-12-31", "reportedCurrency": "USD", "grossProfit": "15266000", "totalRevenue": "15266000", "costOfRevenue": "None", "costofGoodsAndServicesSold": "None", "operatingIncome": "-53152000", "sellingGeneralAndAdministrative": "23769000", "researchAndDevelopment": "44649000", "operatingExpenses": "68418000", "investmentIncomeNet": "None", "netInterestIncome": "7576000", "interestIncome": "7583000", "interestExpense": "7000", "nonInterestIncome": "None", "otherNonOperatingIncome": "None", "depreciation": "None", "depreciationAndAmortization": "1789000", "incomeBeforeTax": "-45576000", "incomeTaxExpense": "1505000", "interestAndDebtExpense": "None", "netIncomeFromContinuingOperations": "-47081000", "comprehensiveIncomeNetOfTax": "None", "ebit": "-45569000", "ebitda": "-43780000", "netIncome": "-47081000"}, {"fiscalDateEnding": "2024-09-30", "reportedCurrency": "USD", "grossProfit": "26030000", "totalRevenue": "26030000", "costOfRevenue": "1334000", "costofGoodsAndServicesSold": "1334000", "operatingIncome": "-33616000", "sellingGeneralAndAdministrative": "20473000", "researchAndDevelopment": "39173000", "operatingExpenses": "59646000", "investmentIncomeNet": "None", "netInterestIncome": "7972000", "interestIncome": "8086000", "interestExpense": "114000", "nonInterestIncome": "None", "otherNonOperatingIncome": "None", "depreciation": "None", "depreciationAndAmortization": "1334000", "incomeBeforeTax": "-25644000", "incomeTaxExpense": "223000", "interestAndDebtExpense": "None", "netIncomeFromContinuingOperations": "-25867000", "comprehensiveIncomeNetOfTax": "None", "ebit": "-25530000", "ebitda": "-24196000", "netIncome": "-25867000"}, {"fiscalDateEnding": "2024-06-30", "reportedCurrency": "USD", "grossProfit": "26145000", "totalRevenue": "27384000", "costOfRevenue": "1239000", "costofGoodsAndServicesSold": "1239000", "operatingIncome": "-34993000", "sellingGeneralAndAdministrative": "21424000", "researchAndDevelopment": "40953000", "operatingExpenses": "61138000", "investmentIncomeNet": "None", "netInterestIncome": "8132000", "interestIncome": "8453000", "interestExpense": "321000", "nonInterestIncome": "None", "otherNonOperatingIncome": "None", "depreciation": "None", "depreciationAndAmortization": "1239000", "incomeBeforeTax": "-26861000", "incomeTaxExpense": "341000", "interestAndDebtExpense": "None", "netIncomeFromContinuingOperations": "-27202000", "comprehensiveIncomeNetOfTax": "None", "ebit": "-26540000", "ebitda": "-25301000", "netIncome": "-27202000"}, {"fiscalDateEnding": "2024-03-31", "reportedCurrency": "USD", "grossProfit": "38430000", "totalRevenue": "39256000", "costOfRevenue": "826000", "costofGoodsAndServicesSold": "826000", "operatingIncome": "-15810000", "sellingGeneralAndAdministrative": "22748000", "researchAndDevelopment": "32318000", "operatingExpenses": "54240000", "investmentIncomeNet": "None", "netInterestIncome": "8612000", "interestIncome": "9200000", "interestExpense": "588000", "nonInterestIncome": "None", "otherNonOperatingIncome": "None", "depreciation": "None", "depreciationAndAmortization": "826000", "incomeBeforeTax": "-7198000", "incomeTaxExpense": "782724", "interestAndDebtExpense": "None", "netIncomeFromContinuingOperations": "-7198000", "comprehensiveIncomeNetOfTax": "None", "ebit": "-6610000", "ebitda": "-5784000", "netIncome": "-7198000"}, {"fiscalDateEnding": "2023-12-31", "reportedCurrency": "USD", "grossProfit": "62426000", "totalRevenue": "63148000", "costOfRevenue": "722000", "costofGoodsAndServicesSold": "722000", "operatingIncome": "14999000", "sellingGeneralAndAdministrative": "19365000", "researchAndDevelopment": "28784000", "operatingExpenses": "47427000", "investmentIncomeNet": "None", "netInterestIncome": "5467000", "interestIncome": "6444000", "interestExpense": "977000", "nonInterestIncome": "None", "otherNonOperatingIncome": "None", "depreciation": "None", "depreciationAndAmortization": "722000", "incomeBeforeTax": "20466000", "incomeTaxExpense": "622000", "interestAndDebtExpense": "None", "netIncomeFromContinuingOperations": "19844000", "comprehensiveIncomeNetOfTax": "None", "ebit": "21443000", "ebitda": "22165000", "netIncome": "19844000"}, {"fiscalDateEnding": "2023-09-30", "reportedCurrency": "USD", "grossProfit": "14510000", "totalRevenue": "14957000", "costOfRevenue": "447000", "costofGoodsAndServicesSold": "447000", "operatingIncome": "-44862000", "sellingGeneralAndAdministrative": "16012000", "researchAndDevelopment": "43807000", "operatingExpenses": "59372000", "investmentIncomeNet": "None", "netInterestIncome": "5520000", "interestIncome": "6479000", "interestExpense": "959000", "nonInterestIncome": "None", "otherNonOperatingIncome": "None", "depreciation": "None", "depreciationAndAmortization": "447000", "incomeBeforeTax": "-39342000", "incomeTaxExpense": "-6000", "interestAndDebtExpense": "None", "netIncomeFromContinuingOperations": "-39336000", "comprehensiveIncomeNetOfTax": "None", "ebit": "-38383000", "ebitda": "-37936000", "netIncome": "-39336000"}, {"fiscalDateEnding": "2023-06-30", "reportedCurrency": "USD", "grossProfit": "13604000", "totalRevenue": "14302000", "costOfRevenue": "698000", "costofGoodsAndServicesSold": "698000", "operatingIncome": "-29560000", "sellingGeneralAndAdministrative": "15535000", "researchAndDevelopment": "28327000", "operatingExpenses": "43164000", "investmentIncomeNet": "None", "netInterestIncome": "5424000", "interestIncome": "6304000", "interestExpense": "880000", "nonInterestIncome": "None", "otherNonOperatingIncome": "5331000", "depreciation": "None", "depreciationAndAmortization": "698000", "incomeBeforeTax": "-24136000", "incomeTaxExpense": "-282000", "interestAndDebtExpense": "None", "netIncomeFromContinuingOperations": "-23854000", "comprehensiveIncomeNetOfTax": "None", "ebit": "-23256000", "ebitda": "-22558000", "netIncome": "-23854000"}, {"fiscalDateEnding": "2023-03-31", "reportedCurrency": "USD", "grossProfit": "17170000", "totalRevenue": "17912000", "costOfRevenue": "742000", "costofGoodsAndServicesSold": "742000", "operatingIncome": "-30457000", "sellingGeneralAndAdministrative": "15437000", "researchAndDevelopment": "32932000", "operatingExpenses": "47627000", "investmentIncomeNet": "None", "netInterestIncome": "3442000", "interestIncome": "4468000", "interestExpense": "1026000", "nonInterestIncome": "None", "otherNonOperatingIncome": "3749000", "depreciation": "None", "depreciationAndAmortization": "742000", "incomeBeforeTax": "-27015000", "incomeTaxExpense": "329000", "interestAndDebtExpense": "None", "netIncomeFromContinuingOperations": "-27344000", "comprehensiveIncomeNetOfTax": "None", "ebit": "-25989000", "ebitda": "-25247000", "netIncome": "-27344000"}, {"fiscalDateEnding": "2022-12-31", "reportedCurrency": "USD", "grossProfit": "-727000", "totalRevenue": "0", "costOfRevenue": "727000", "costofGoodsAndServicesSold": "727000", "operatingIncome": "-40004000", "sellingGeneralAndAdministrative": "14061000", "researchAndDevelopment": "25943000", "operatingExpenses": "40004000", "investmentIncomeNet": "None", "netInterestIncome": "1012000", "interestIncome": "2128000", "interestExpense": "4300000", "nonInterestIncome": "None", "otherNonOperatingIncome": "None", "depreciation": "None", "depreciationAndAmortization": "417000", "incomeBeforeTax": "-38992000", "incomeTaxExpense": "-1579000", "interestAndDebtExpense": "None", "netIncomeFromContinuingOperations": "-38992000", "comprehensiveIncomeNetOfTax": "None", "ebit": "-35704000", "ebitda": "-35287000", "netIncome": "-38992000"}, {"fiscalDateEnding": "2022-09-30", "reportedCurrency": "USD", "grossProfit": "-660000", "totalRevenue": "0", "costOfRevenue": "660000", "costofGoodsAndServicesSold": "660000", "operatingIncome": "-93875000", "sellingGeneralAndAdministrative": "10402000", "researchAndDevelopment": "83473000", "operatingExpenses": "93875000", "investmentIncomeNet": "None", "netInterestIncome": "None", "interestIncome": "None", "interestExpense": "596000", "nonInterestIncome": "None", "otherNonOperatingIncome": "26000", "depreciation": "None", "depreciationAndAmortization": "340000", "incomeBeforeTax": "-92874000", "incomeTaxExpense": "-1001000", "interestAndDebtExpense": "None", "netIncomeFromContinuingOperations": "-92874000", "comprehensiveIncomeNetOfTax": "None", "ebit": "-92278000", "ebitda": "-91938000", "netIncome": "-92874000"}, {"fiscalDateEnding": "2022-06-30", "reportedCurrency": "USD", "grossProfit": "-22083000", "totalRevenue": "0", "costOfRevenue": "22083000", "costofGoodsAndServicesSold": "22083000", "operatingIncome": "-31290000", "sellingGeneralAndAdministrative": "9207000", "researchAndDevelopment": "22083000", "operatingExpenses": "31290000", "investmentIncomeNet": "None", "netInterestIncome": "None", "interestIncome": "None", "interestExpense": "3000", "nonInterestIncome": "None", "otherNonOperatingIncome": "300000", "depreciation": "None", "depreciationAndAmortization": "302000", "incomeBeforeTax": "-30772000", "incomeTaxExpense": "521000", "interestAndDebtExpense": "None", "netIncomeFromContinuingOperations": "-32309000", "comprehensiveIncomeNetOfTax": "None", "ebit": "-30769000", "ebitda": "-30467000", "netIncome": "-30772000"}, {"fiscalDateEnding": "2022-03-31", "reportedCurrency": "USD", "grossProfit": "-323000", "totalRevenue": "0", "costOfRevenue": "323000", "costofGoodsAndServicesSold": "323000", "operatingIncome": "-26091000", "sellingGeneralAndAdministrative": "8034000", "researchAndDevelopment": "18057000", "operatingExpenses": "26091000", "investmentIncomeNet": "None", "netInterestIncome": "None", "interestIncome": "None", "interestExpense": "4000", "nonInterestIncome": "None", "otherNonOperatingIncome": "26000", "depreciation": "None", "depreciationAndAmortization": "263000", "incomeBeforeTax": "-26041000", "incomeTaxExpense": "-50000", "interestAndDebtExpense": "None", "netIncomeFromContinuingOperations": "-32409000", "comprehensiveIncomeNetOfTax": "None", "ebit": "-26037000", "ebitda": "-25774000", "netIncome": "-26041000"}, {"fiscalDateEnding": "2021-12-31", "reportedCurrency": "USD", "grossProfit": "-331000", "totalRevenue": "0", "costOfRevenue": "331000", "costofGoodsAndServicesSold": "331000", "operatingIncome": "-20698000", "sellingGeneralAndAdministrative": "7304000", "researchAndDevelopment": "13394000", "operatingExpenses": "20367000", "investmentIncomeNet": "None", "netInterestIncome": "None", "interestIncome": "None", "interestExpense": "None", "nonInterestIncome": "None", "otherNonOperatingIncome": "None", "depreciation": "None", "depreciationAndAmortization": "331000", "incomeBeforeTax": "-20670000", "incomeTaxExpense": "-331000", "interestAndDebtExpense": "None", "netIncomeFromContinuingOperations": "-20670000", "comprehensiveIncomeNetOfTax": "None", "ebit": "-20670000", "ebitda": "-20339000", "netIncome": "-20670000"}, {"fiscalDateEnding": "2021-09-30", "reportedCurrency": "USD", "grossProfit": "-253000", "totalRevenue": "0", "costOfRevenue": "253000", "costofGoodsAndServicesSold": "253000", "operatingIncome": "-17110000", "sellingGeneralAndAdministrative": "4785000", "researchAndDevelopment": "12325000", "operatingExpenses": "17110000", "investmentIncomeNet": "None", "netInterestIncome": "None", "interestIncome": "None", "interestExpense": "None", "nonInterestIncome": "None", "otherNonOperatingIncome": "None", "depreciation": "None", "depreciationAndAmortization": "253000", "incomeBeforeTax": "-17091000", "incomeTaxExpense": "None", "interestAndDebtExpense": "None", "netIncomeFromContinuingOperations": "-17091000", "comprehensiveIncomeNetOfTax": "None", "ebit": "-17110000", "ebitda": "-16857000", "netIncome": "-17091000"}, {"fiscalDateEnding": "2021-06-30", "reportedCurrency": "USD", "grossProfit": "None", "totalRevenue": "0", "costOfRevenue": "None", "costofGoodsAndServicesSold": "None", "operatingIncome": "-15928000", "sellingGeneralAndAdministrative": "3285000", "researchAndDevelopment": "12643000", "operatingExpenses": "15928000", "investmentIncomeNet": "None", "netInterestIncome": "None", "interestIncome": "None", "interestExpense": "None", "nonInterestIncome": "None", "otherNonOperatingIncome": "None", "depreciation": "None", "depreciationAndAmortization": "250000", "incomeBeforeTax": "-15927000", "incomeTaxExpense": "None", "interestAndDebtExpense": "None", "netIncomeFromContinuingOperations": "-15927000", "comprehensiveIncomeNetOfTax": "None", "ebit": "-15928000", "ebitda": "-15678000", "netIncome": "-15927000"}, {"fiscalDateEnding": "2021-03-31", "reportedCurrency": "USD", "grossProfit": "-207000", "totalRevenue": "0", "costOfRevenue": "207000", "costofGoodsAndServicesSold": "207000", "operatingIncome": "-11282000", "sellingGeneralAndAdministrative": "2761000", "researchAndDevelopment": "8521000", "operatingExpenses": "11282000", "investmentIncomeNet": "None", "netInterestIncome": "None", "interestIncome": "None", "interestExpense": "None", "nonInterestIncome": "None", "otherNonOperatingIncome": "None", "depreciation": "None", "depreciationAndAmortization": "207000", "incomeBeforeTax": "-11281000", "incomeTaxExpense": "None", "interestAndDebtExpense": "None", "netIncomeFromContinuingOperations": "-11281000", "comprehensiveIncomeNetOfTax": "None", "ebit": "-11282000", "ebitda": "-11075000", "netIncome": "-11281000"}, {"fiscalDateEnding": "2020-12-31", "reportedCurrency": "USD", "grossProfit": "-165000", "totalRevenue": "0", "costOfRevenue": "165000", "costofGoodsAndServicesSold": "165000", "operatingIncome": "-9094000", "sellingGeneralAndAdministrative": "2172000", "researchAndDevelopment": "6922000", "operatingExpenses": "8929000", "investmentIncomeNet": "None", "netInterestIncome": "None", "interestIncome": "None", "interestExpense": "None", "nonInterestIncome": "None", "otherNonOperatingIncome": "None", "depreciation": "None", "depreciationAndAmortization": "165000", "incomeBeforeTax": "-9093000", "incomeTaxExpense": "None", "interestAndDebtExpense": "None", "netIncomeFromContinuingOperations": "-9093000", "comprehensiveIncomeNetOfTax": "None", "ebit": "-9093000", "ebitda": "-8928000", "netIncome": "-9093000"}]}