{"symbol": "AMRN", "annualReports": [{"fiscalDateEnding": "2024-12-31", "reportedCurrency": "USD", "grossProfit": "81382000", "totalRevenue": "228614000", "costOfRevenue": "147232000", "costofGoodsAndServicesSold": "147232000", "operatingIncome": "-91797000", "sellingGeneralAndAdministrative": "72723000", "researchAndDevelopment": "20869000", "operatingExpenses": "173179000", "investmentIncomeNet": "None", "netInterestIncome": "13396000", "interestIncome": "13403000", "interestExpense": "7000", "nonInterestIncome": "None", "otherNonOperatingIncome": "None", "depreciation": "None", "depreciationAndAmortization": "3014000", "incomeBeforeTax": "-77200000", "incomeTaxExpense": "4983000", "interestAndDebtExpense": "None", "netIncomeFromContinuingOperations": "-82183000", "comprehensiveIncomeNetOfTax": "None", "ebit": "-77194000", "ebitda": "-74180000", "netIncome": "-82183000"}, {"fiscalDateEnding": "2023-12-31", "reportedCurrency": "USD", "grossProfit": "165541000", "totalRevenue": "306911000", "costOfRevenue": "141370000", "costofGoodsAndServicesSold": "141370000", "operatingIncome": "-67588000", "sellingGeneralAndAdministrative": "88612000", "researchAndDevelopment": "22219000", "operatingExpenses": "233129000", "investmentIncomeNet": "None", "netInterestIncome": "10001000", "interestIncome": "10016000", "interestExpense": "8000", "nonInterestIncome": "None", "otherNonOperatingIncome": "None", "depreciation": "None", "depreciationAndAmortization": "2965000", "incomeBeforeTax": "-53670000", "incomeTaxExpense": "5442000", "interestAndDebtExpense": "None", "netIncomeFromContinuingOperations": "-52475000", "comprehensiveIncomeNetOfTax": "None", "ebit": "-53662000", "ebitda": "-50697000", "netIncome": "-59112000"}, {"fiscalDateEnding": "2022-12-31", "reportedCurrency": "USD", "grossProfit": "242484000", "totalRevenue": "369193000", "costOfRevenue": "126709000", "costofGoodsAndServicesSold": "126709000", "operatingIncome": "-105869000", "sellingGeneralAndAdministrative": "118802000", "researchAndDevelopment": "30411000", "operatingExpenses": "348353000", "investmentIncomeNet": "None", "netInterestIncome": "2804000", "interestIncome": "2819000", "interestExpense": "15000", "nonInterestIncome": "None", "otherNonOperatingIncome": "None", "depreciation": "None", "depreciationAndAmortization": "3096000", "incomeBeforeTax": "-103805000", "incomeTaxExpense": "1998000", "interestAndDebtExpense": "None", "netIncomeFromContinuingOperations": "-105803000", "comprehensiveIncomeNetOfTax": "None", "ebit": "-103790000", "ebitda": "-100694000", "netIncome": "-105803000"}, {"fiscalDateEnding": "2021-12-31", "reportedCurrency": "USD", "grossProfit": "461860000", "totalRevenue": "583187000", "costOfRevenue": "121327000", "costofGoodsAndServicesSold": "121327000", "operatingIncome": "10502000", "sellingGeneralAndAdministrative": "141860000", "researchAndDevelopment": "29307000", "operatingExpenses": "451358000", "investmentIncomeNet": "None", "netInterestIncome": "1091000", "interestIncome": "1220000", "interestExpense": "129000", "nonInterestIncome": "None", "otherNonOperatingIncome": "None", "depreciation": "None", "depreciationAndAmortization": "2857000", "incomeBeforeTax": "11291000", "incomeTaxExpense": "3562000", "interestAndDebtExpense": "None", "netIncomeFromContinuingOperations": "7729000", "comprehensiveIncomeNetOfTax": "None", "ebit": "11418000", "ebitda": "14275000", "netIncome": "7729000"}, {"fiscalDateEnding": "2020-12-31", "reportedCurrency": "USD", "grossProfit": "482616000", "totalRevenue": "614060000", "costOfRevenue": "131444000", "costofGoodsAndServicesSold": "131444000", "operatingIncome": "-19655000", "sellingGeneralAndAdministrative": "112664000", "researchAndDevelopment": "38959000", "operatingExpenses": "502271000", "investmentIncomeNet": "None", "netInterestIncome": "2296000", "interestIncome": "4901000", "interestExpense": "2605000", "nonInterestIncome": "None", "otherNonOperatingIncome": "None", "depreciation": "None", "depreciationAndAmortization": "2054000", "incomeBeforeTax": "-17255000", "incomeTaxExpense": "745000", "interestAndDebtExpense": "None", "netIncomeFromContinuingOperations": "-18000000", "comprehensiveIncomeNetOfTax": "None", "ebit": "-14764000", "ebitda": "-12710000", "netIncome": "-18000000"}, {"fiscalDateEnding": "2019-12-31", "reportedCurrency": "USD", "grossProfit": "333736000", "totalRevenue": "429755000", "costOfRevenue": "96019000", "costofGoodsAndServicesSold": "96019000", "operatingIncome": "-24279000", "sellingGeneralAndAdministrative": "323623000", "researchAndDevelopment": "34392000", "operatingExpenses": "358015000", "investmentIncomeNet": "None", "netInterestIncome": "1873000", "interestIncome": "8499000", "interestExpense": "6626000", "nonInterestIncome": "None", "otherNonOperatingIncome": "None", "depreciation": "None", "depreciationAndAmortization": "859000", "incomeBeforeTax": "-22481000", "incomeTaxExpense": "164000", "interestAndDebtExpense": "None", "netIncomeFromContinuingOperations": "-22645000", "comprehensiveIncomeNetOfTax": "None", "ebit": "-15855000", "ebitda": "-14996000", "netIncome": "-22645000"}, {"fiscalDateEnding": "2018-12-31", "reportedCurrency": "USD", "grossProfit": "174671000", "totalRevenue": "229214000", "costOfRevenue": "54543000", "costofGoodsAndServicesSold": "54543000", "operatingIncome": "-108225000", "sellingGeneralAndAdministrative": "180175000", "researchAndDevelopment": "55900000", "operatingExpenses": "282896000", "investmentIncomeNet": "None", "netInterestIncome": "-7798000", "interestIncome": "1074000", "interestExpense": "8872000", "nonInterestIncome": "None", "otherNonOperatingIncome": "None", "depreciation": "None", "depreciationAndAmortization": "667868", "incomeBeforeTax": "-116349000", "incomeTaxExpense": "96000", "interestAndDebtExpense": "None", "netIncomeFromContinuingOperations": "-116445000", "comprehensiveIncomeNetOfTax": "None", "ebit": "-107294868", "ebitda": "-106627000", "netIncome": "-116445000"}, {"fiscalDateEnding": "2017-12-31", "reportedCurrency": "USD", "grossProfit": "136152000", "totalRevenue": "181104000", "costOfRevenue": "44952000", "costofGoodsAndServicesSold": "44952000", "operatingIncome": "-45555000", "sellingGeneralAndAdministrative": "112042000", "researchAndDevelopment": "47158000", "operatingExpenses": "181707000", "investmentIncomeNet": "None", "netInterestIncome": "-9337000", "interestIncome": "429000", "interestExpense": "9766000", "nonInterestIncome": "None", "otherNonOperatingIncome": "None", "depreciation": "None", "depreciationAndAmortization": "715591", "incomeBeforeTax": "-55406000", "incomeTaxExpense": "13047000", "interestAndDebtExpense": "None", "netIncomeFromContinuingOperations": "-67865000", "comprehensiveIncomeNetOfTax": "None", "ebit": "-45059591", "ebitda": "-44344000", "netIncome": "-67865000"}, {"fiscalDateEnding": "2016-12-31", "reportedCurrency": "USD", "grossProfit": "95721000", "totalRevenue": "130084000", "costOfRevenue": "34363000", "costofGoodsAndServicesSold": "34363000", "operatingIncome": "-65626000", "sellingGeneralAndAdministrative": "93403000", "researchAndDevelopment": "49975000", "operatingExpenses": "161347000", "investmentIncomeNet": "None", "netInterestIncome": "-18443000", "interestIncome": "234000", "interestExpense": "18677000", "nonInterestIncome": "None", "otherNonOperatingIncome": "None", "depreciation": "None", "depreciationAndAmortization": "777594", "incomeBeforeTax": "-76381000", "incomeTaxExpense": "9969000", "interestAndDebtExpense": "None", "netIncomeFromContinuingOperations": "-86350000", "comprehensiveIncomeNetOfTax": "None", "ebit": "-57305594", "ebitda": "-56528000", "netIncome": "-86350000"}, {"fiscalDateEnding": "2015-12-31", "reportedCurrency": "USD", "grossProfit": "53881000", "totalRevenue": "81756000", "costOfRevenue": "27875000", "costofGoodsAndServicesSold": "27875000", "operatingIncome": "-98222000", "sellingGeneralAndAdministrative": "93083000", "researchAndDevelopment": "51062000", "operatingExpenses": "152103000", "investmentIncomeNet": "None", "netInterestIncome": "None", "interestIncome": "21154000", "interestExpense": "20048000", "nonInterestIncome": "None", "otherNonOperatingIncome": "None", "depreciation": "None", "depreciationAndAmortization": "812000", "incomeBeforeTax": "-118290000", "incomeTaxExpense": "-3086000", "interestAndDebtExpense": "None", "netIncomeFromContinuingOperations": "-115204000", "comprehensiveIncomeNetOfTax": "None", "ebit": "-98110000", "ebitda": "-97298000", "netIncome": "-115204000"}, {"fiscalDateEnding": "2014-12-31", "reportedCurrency": "USD", "grossProfit": "33717000", "totalRevenue": "54202000", "costOfRevenue": "20485000", "costofGoodsAndServicesSold": "20485000", "operatingIncome": "-95955000", "sellingGeneralAndAdministrative": "79346000", "researchAndDevelopment": "50326000", "operatingExpenses": "129672000", "investmentIncomeNet": "None", "netInterestIncome": "None", "interestIncome": "None", "interestExpense": "18479000", "nonInterestIncome": "None", "otherNonOperatingIncome": "None", "depreciation": "None", "depreciationAndAmortization": "844000", "incomeBeforeTax": "-59201000", "incomeTaxExpense": "-2837000", "interestAndDebtExpense": "None", "netIncomeFromContinuingOperations": "-56364000", "comprehensiveIncomeNetOfTax": "None", "ebit": "-40626000", "ebitda": "-39782000", "netIncome": "-56364000"}, {"fiscalDateEnding": "2013-12-31", "reportedCurrency": "USD", "grossProfit": "14439000", "totalRevenue": "26351000", "costOfRevenue": "11912000", "costofGoodsAndServicesSold": "11912000", "operatingIncome": "-182106000", "sellingGeneralAndAdministrative": "121245000", "researchAndDevelopment": "72750000", "operatingExpenses": "196545000", "investmentIncomeNet": "None", "netInterestIncome": "None", "interestIncome": "None", "interestExpense": "34179000", "nonInterestIncome": "None", "otherNonOperatingIncome": "None", "depreciation": "None", "depreciationAndAmortization": "892000", "incomeBeforeTax": "-169421000", "incomeTaxExpense": "-3194000", "interestAndDebtExpense": "None", "netIncomeFromContinuingOperations": "-166227000", "comprehensiveIncomeNetOfTax": "None", "ebit": "-135508000", "ebitda": "-134616000", "netIncome": "-166227000"}, {"fiscalDateEnding": "2012-12-31", "reportedCurrency": "USD", "grossProfit": "None", "totalRevenue": "None", "costOfRevenue": "451332", "costofGoodsAndServicesSold": "451332", "operatingIncome": "-116750000", "sellingGeneralAndAdministrative": "57794000", "researchAndDevelopment": "58956000", "operatingExpenses": "116750000", "investmentIncomeNet": "None", "netInterestIncome": "None", "interestIncome": "None", "interestExpense": "18091000", "nonInterestIncome": "None", "otherNonOperatingIncome": "None", "depreciation": "None", "depreciationAndAmortization": "449000", "incomeBeforeTax": "-170951000", "incomeTaxExpense": "9116000", "interestAndDebtExpense": "None", "netIncomeFromContinuingOperations": "None", "comprehensiveIncomeNetOfTax": "None", "ebit": "-152764000", "ebitda": "-152315000", "netIncome": "-179184000"}, {"fiscalDateEnding": "2011-12-31", "reportedCurrency": "USD", "grossProfit": "None", "totalRevenue": "None", "costOfRevenue": "100427", "costofGoodsAndServicesSold": "100427", "operatingIncome": "-44350000", "sellingGeneralAndAdministrative": "22559000", "researchAndDevelopment": "21602000", "operatingExpenses": "44161000", "investmentIncomeNet": "None", "netInterestIncome": "None", "interestIncome": "None", "interestExpense": "1000", "nonInterestIncome": "None", "otherNonOperatingIncome": "None", "depreciation": "None", "depreciationAndAmortization": "100427", "incomeBeforeTax": "-66895000", "incomeTaxExpense": "2516000", "interestAndDebtExpense": "None", "netIncomeFromContinuingOperations": "None", "comprehensiveIncomeNetOfTax": "None", "ebit": "-66894427", "ebitda": "-66794000", "netIncome": "-69422000"}, {"fiscalDateEnding": "2010-12-31", "reportedCurrency": "USD", "grossProfit": "None", "totalRevenue": "None", "costOfRevenue": "99972", "costofGoodsAndServicesSold": "99972", "operatingIncome": "-44625000", "sellingGeneralAndAdministrative": "17087000", "researchAndDevelopment": "28014000", "operatingExpenses": "45101000", "investmentIncomeNet": "None", "netInterestIncome": "None", "interestIncome": "None", "interestExpense": "19000", "nonInterestIncome": "None", "otherNonOperatingIncome": "None", "depreciation": "None", "depreciationAndAmortization": "99972", "incomeBeforeTax": "-250090000", "incomeTaxExpense": "-501000", "interestAndDebtExpense": "None", "netIncomeFromContinuingOperations": "None", "comprehensiveIncomeNetOfTax": "None", "ebit": "-250001972", "ebitda": "-249902000", "netIncome": "-249520000"}, {"fiscalDateEnding": "2009-12-31", "reportedCurrency": "USD", "grossProfit": "None", "totalRevenue": "None", "costOfRevenue": "581824", "costofGoodsAndServicesSold": "581824", "operatingIncome": "-30376000", "sellingGeneralAndAdministrative": "29089000", "researchAndDevelopment": "17837000", "operatingExpenses": "30929000", "investmentIncomeNet": "None", "netInterestIncome": "None", "interestIncome": "None", "interestExpense": "8234000", "nonInterestIncome": "None", "otherNonOperatingIncome": "None", "depreciation": "None", "depreciationAndAmortization": "582000", "incomeBeforeTax": "-59739000", "incomeTaxExpense": "-440000", "interestAndDebtExpense": "None", "netIncomeFromContinuingOperations": "None", "comprehensiveIncomeNetOfTax": "None", "ebit": "-55743000", "ebitda": "-55161000", "netIncome": "-59317000"}, {"fiscalDateEnding": "2008-12-31", "reportedCurrency": "USD", "grossProfit": "None", "totalRevenue": "None", "costOfRevenue": "None", "costofGoodsAndServicesSold": "None", "operatingIncome": "-28180000", "sellingGeneralAndAdministrative": "27562000", "researchAndDevelopment": "12954000", "operatingExpenses": "28180000", "investmentIncomeNet": "None", "netInterestIncome": "None", "interestIncome": "None", "interestExpense": "2142000", "nonInterestIncome": "None", "otherNonOperatingIncome": "None", "depreciation": "None", "depreciationAndAmortization": "251000", "incomeBeforeTax": "-20695000", "incomeTaxExpense": "-674000", "interestAndDebtExpense": "None", "netIncomeFromContinuingOperations": "None", "comprehensiveIncomeNetOfTax": "None", "ebit": "-18553000", "ebitda": "-18302000", "netIncome": "-20021000"}, {"fiscalDateEnding": "2007-12-31", "reportedCurrency": "USD", "grossProfit": "7365000", "totalRevenue": "7365000", "costOfRevenue": "None", "costofGoodsAndServicesSold": "None", "operatingIncome": "-31924000", "sellingGeneralAndAdministrative": "31563000", "researchAndDevelopment": "12108000", "operatingExpenses": "40733000", "investmentIncomeNet": "None", "netInterestIncome": "None", "interestIncome": "None", "interestExpense": "6458000", "nonInterestIncome": "None", "otherNonOperatingIncome": "None", "depreciation": "None", "depreciationAndAmortization": "386000", "incomeBeforeTax": "-39003000", "incomeTaxExpense": "-837000", "interestAndDebtExpense": "None", "netIncomeFromContinuingOperations": "None", "comprehensiveIncomeNetOfTax": "None", "ebit": "-38823000", "ebitda": "-38437000", "netIncome": "-38167000"}, {"fiscalDateEnding": "2006-12-31", "reportedCurrency": "USD", "grossProfit": "500000", "totalRevenue": "500000", "costOfRevenue": "None", "costofGoodsAndServicesSold": "None", "operatingIncome": "-31161000", "sellingGeneralAndAdministrative": "13270000", "researchAndDevelopment": "17186000", "operatingExpenses": "31130000", "investmentIncomeNet": "None", "netInterestIncome": "None", "interestIncome": "None", "interestExpense": "4480000", "nonInterestIncome": "None", "otherNonOperatingIncome": "None", "depreciation": "None", "depreciationAndAmortization": "795000", "incomeBeforeTax": "-27519000", "incomeTaxExpense": "-799000", "interestAndDebtExpense": "None", "netIncomeFromContinuingOperations": "None", "comprehensiveIncomeNetOfTax": "None", "ebit": "-30630000", "ebitda": "-29835000", "netIncome": "-26920000"}, {"fiscalDateEnding": "2005-12-31", "reportedCurrency": "USD", "grossProfit": "500000", "totalRevenue": "500000", "costOfRevenue": "None", "costofGoodsAndServicesSold": "None", "operatingIncome": "-18908000", "sellingGeneralAndAdministrative": "9767000", "researchAndDevelopment": "8920000", "operatingExpenses": "18756000", "investmentIncomeNet": "None", "netInterestIncome": "None", "interestIncome": "None", "interestExpense": "1801000", "nonInterestIncome": "None", "otherNonOperatingIncome": "None", "depreciation": "None", "depreciationAndAmortization": "810000", "incomeBeforeTax": "-21257000", "incomeTaxExpense": "-698000", "interestAndDebtExpense": "None", "netIncomeFromContinuingOperations": "None", "comprehensiveIncomeNetOfTax": "None", "ebit": "-20096000", "ebitda": "-19286000", "netIncome": "-20547000"}], "quarterlyReports": [{"fiscalDateEnding": "2025-09-30", "reportedCurrency": "USD", "grossProfit": "22208000", "totalRevenue": "48558000", "costOfRevenue": "26350000", "costofGoodsAndServicesSold": "26350000", "operatingIncome": "-1697000", "sellingGeneralAndAdministrative": "19697000", "researchAndDevelopment": "4208000", "operatingExpenses": "23905000", "investmentIncomeNet": "None", "netInterestIncome": "2783000", "interestIncome": "2783000", "interestExpense": "None", "nonInterestIncome": "None", "otherNonOperatingIncome": "None", "depreciation": "None", "depreciationAndAmortization": "867000", "incomeBeforeTax": "-7361000", "incomeTaxExpense": "377000", "interestAndDebtExpense": "None", "netIncomeFromContinuingOperations": "-7738000", "comprehensiveIncomeNetOfTax": "None", "ebit": "-7361000", "ebitda": "-6494000", "netIncome": "-7738000"}, {"fiscalDateEnding": "2025-06-30", "reportedCurrency": "USD", "grossProfit": "50362000", "totalRevenue": "72741000", "costOfRevenue": "22379000", "costofGoodsAndServicesSold": "22379000", "operatingIncome": "-15985000", "sellingGeneralAndAdministrative": "24086000", "researchAndDevelopment": "4915000", "operatingExpenses": "66347000", "investmentIncomeNet": "None", "netInterestIncome": "2620000", "interestIncome": "2620000", "interestExpense": "None", "nonInterestIncome": "None", "otherNonOperatingIncome": "None", "depreciation": "None", "depreciationAndAmortization": "729000", "incomeBeforeTax": "-13450000", "incomeTaxExpense": "689000", "interestAndDebtExpense": "None", "netIncomeFromContinuingOperations": "-14139000", "comprehensiveIncomeNetOfTax": "None", "ebit": "6774000", "ebitda": "7503000", "netIncome": "-14139000"}, {"fiscalDateEnding": "2025-03-31", "reportedCurrency": "USD", "grossProfit": "25130000", "totalRevenue": "42017000", "costOfRevenue": "16887000", "costofGoodsAndServicesSold": "16887000", "operatingIncome": "-16755000", "sellingGeneralAndAdministrative": "19652000", "researchAndDevelopment": "5312000", "operatingExpenses": "41885000", "investmentIncomeNet": "None", "netInterestIncome": "2872000", "interestIncome": "2872000", "interestExpense": "None", "nonInterestIncome": "None", "otherNonOperatingIncome": "None", "depreciation": "None", "depreciationAndAmortization": "730000", "incomeBeforeTax": "-13630000", "incomeTaxExpense": "2067000", "interestAndDebtExpense": "None", "netIncomeFromContinuingOperations": "-15697000", "comprehensiveIncomeNetOfTax": "None", "ebit": "-16755000", "ebitda": "-16025000", "netIncome": "-15697000"}, {"fiscalDateEnding": "2024-12-31", "reportedCurrency": "USD", "grossProfit": "-9567000", "totalRevenue": "62306000", "costOfRevenue": "71873000", "costofGoodsAndServicesSold": "71873000", "operatingIncome": "-52522000", "sellingGeneralAndAdministrative": "17052000", "researchAndDevelopment": "5985000", "operatingExpenses": "42955000", "investmentIncomeNet": "None", "netInterestIncome": "3368000", "interestIncome": "3375000", "interestExpense": "7000", "nonInterestIncome": "None", "otherNonOperatingIncome": "None", "depreciation": "None", "depreciationAndAmortization": "737000", "incomeBeforeTax": "-49907000", "incomeTaxExpense": "-1289000", "interestAndDebtExpense": "None", "netIncomeFromContinuingOperations": "-48618000", "comprehensiveIncomeNetOfTax": "None", "ebit": "-37918000", "ebitda": "-37181000", "netIncome": "-48618000"}, {"fiscalDateEnding": "2024-09-30", "reportedCurrency": "USD", "grossProfit": "16276000", "totalRevenue": "42298000", "costOfRevenue": "26022000", "costofGoodsAndServicesSold": "26022000", "operatingIncome": "-25168000", "sellingGeneralAndAdministrative": "18127000", "researchAndDevelopment": "4540000", "operatingExpenses": "41444000", "investmentIncomeNet": "None", "netInterestIncome": "3374000", "interestIncome": "3374000", "interestExpense": "None", "nonInterestIncome": "None", "otherNonOperatingIncome": "None", "depreciation": "None", "depreciationAndAmortization": "753000", "incomeBeforeTax": "-21529000", "incomeTaxExpense": "3605000", "interestAndDebtExpense": "None", "netIncomeFromContinuingOperations": "-25134000", "comprehensiveIncomeNetOfTax": "None", "ebit": "-25168000", "ebitda": "-24415000", "netIncome": "-25134000"}, {"fiscalDateEnding": "2024-06-30", "reportedCurrency": "USD", "grossProfit": "42055092", "totalRevenue": "67566660", "costOfRevenue": "25511567", "costofGoodsAndServicesSold": "25511567", "operatingIncome": "-524587", "sellingGeneralAndAdministrative": "18050000", "researchAndDevelopment": "3989467", "operatingExpenses": "42579680", "investmentIncomeNet": "None", "netInterestIncome": "3271000", "interestIncome": "3271000", "interestExpense": "None", "nonInterestIncome": "None", "otherNonOperatingIncome": "None", "depreciation": "None", "depreciationAndAmortization": "761853", "incomeBeforeTax": "2895242", "incomeTaxExpense": "1371535", "interestAndDebtExpense": "None", "netIncomeFromContinuingOperations": "1522000", "comprehensiveIncomeNetOfTax": "None", "ebit": "2895239", "ebitda": "3657092", "netIncome": "1523706"}, {"fiscalDateEnding": "2024-03-31", "reportedCurrency": "USD", "grossProfit": "31904000", "totalRevenue": "56519000", "costOfRevenue": "24615000", "costofGoodsAndServicesSold": "24615000", "operatingIncome": "-13583000", "sellingGeneralAndAdministrative": "19494000", "researchAndDevelopment": "5598000", "operatingExpenses": "45487000", "investmentIncomeNet": "None", "netInterestIncome": "3383000", "interestIncome": "3383000", "interestExpense": "None", "nonInterestIncome": "None", "otherNonOperatingIncome": "None", "depreciation": "None", "depreciationAndAmortization": "762000", "incomeBeforeTax": "-8655000", "incomeTaxExpense": "1298000", "interestAndDebtExpense": "None", "netIncomeFromContinuingOperations": "-9953000", "comprehensiveIncomeNetOfTax": "None", "ebit": "-13583000", "ebitda": "-12821000", "netIncome": "-9953000"}, {"fiscalDateEnding": "2023-12-31", "reportedCurrency": "USD", "grossProfit": "44776150", "totalRevenue": "75362931", "costOfRevenue": "30586781", "costofGoodsAndServicesSold": "30586781", "operatingIncome": "-4648085", "sellingGeneralAndAdministrative": "21134000", "researchAndDevelopment": "5100991", "operatingExpenses": "49424235", "investmentIncomeNet": "None", "netInterestIncome": "3417000", "interestIncome": "3425000", "interestExpense": "8000", "nonInterestIncome": "None", "otherNonOperatingIncome": "None", "depreciation": "None", "depreciationAndAmortization": "740385", "incomeBeforeTax": "-2470303", "incomeTaxExpense": "3360985", "interestAndDebtExpense": "None", "netIncomeFromContinuingOperations": "-5781000", "comprehensiveIncomeNetOfTax": "None", "ebit": "-2462232", "ebitda": "-1721847", "netIncome": "-5831289"}, {"fiscalDateEnding": "2023-09-30", "reportedCurrency": "USD", "grossProfit": "29822000", "totalRevenue": "66056000", "costOfRevenue": "36234000", "costofGoodsAndServicesSold": "36234000", "operatingIncome": "-21451000", "sellingGeneralAndAdministrative": "21403000", "researchAndDevelopment": "5105000", "operatingExpenses": "51273000", "investmentIncomeNet": "None", "netInterestIncome": "3216000", "interestIncome": "3216000", "interestExpense": "None", "nonInterestIncome": "None", "otherNonOperatingIncome": "None", "depreciation": "None", "depreciationAndAmortization": "734000", "incomeBeforeTax": "-18810000", "incomeTaxExpense": "501000", "interestAndDebtExpense": "None", "netIncomeFromContinuingOperations": "-19311000", "comprehensiveIncomeNetOfTax": "None", "ebit": "-20740000", "ebitda": "-20006000", "netIncome": "-19311000"}, {"fiscalDateEnding": "2023-06-30", "reportedCurrency": "USD", "grossProfit": "42668000", "totalRevenue": "80167000", "costOfRevenue": "37499000", "costofGoodsAndServicesSold": "37499000", "operatingIncome": "-23959000", "sellingGeneralAndAdministrative": "18642000", "researchAndDevelopment": "5642000", "operatingExpenses": "66627000", "investmentIncomeNet": "None", "netInterestIncome": "3001000", "interestIncome": "3001000", "interestExpense": "None", "nonInterestIncome": "None", "otherNonOperatingIncome": "None", "depreciation": "None", "depreciationAndAmortization": "732000", "incomeBeforeTax": "-17915000", "incomeTaxExpense": "-355000", "interestAndDebtExpense": "None", "netIncomeFromContinuingOperations": "-17560000", "comprehensiveIncomeNetOfTax": "None", "ebit": "-13927000", "ebitda": "-13195000", "netIncome": "-17560000"}, {"fiscalDateEnding": "2023-03-31", "reportedCurrency": "USD", "grossProfit": "47927000", "totalRevenue": "85975000", "costOfRevenue": "38048000", "costofGoodsAndServicesSold": "38048000", "operatingIncome": "-17341000", "sellingGeneralAndAdministrative": "27433000", "researchAndDevelopment": "5681000", "operatingExpenses": "65268000", "investmentIncomeNet": "None", "netInterestIncome": "2221000", "interestIncome": "2221000", "interestExpense": "1083000", "nonInterestIncome": "None", "otherNonOperatingIncome": "None", "depreciation": "None", "depreciationAndAmortization": "765000", "incomeBeforeTax": "-14496000", "incomeTaxExpense": "1964000", "interestAndDebtExpense": "None", "netIncomeFromContinuingOperations": "-16460000", "comprehensiveIncomeNetOfTax": "None", "ebit": "-17341000", "ebitda": "-16576000", "netIncome": "-16460000"}, {"fiscalDateEnding": "2022-12-31", "reportedCurrency": "USD", "grossProfit": "63604000", "totalRevenue": "90245000", "costOfRevenue": "26641000", "costofGoodsAndServicesSold": "26641000", "operatingIncome": "-9586000", "sellingGeneralAndAdministrative": "30346000", "researchAndDevelopment": "5239000", "operatingExpenses": "73190000", "investmentIncomeNet": "None", "netInterestIncome": "1563000", "interestIncome": "1578000", "interestExpense": "1000", "nonInterestIncome": "None", "otherNonOperatingIncome": "None", "depreciation": "None", "depreciationAndAmortization": "761000", "incomeBeforeTax": "-6773000", "incomeTaxExpense": "-7629000", "interestAndDebtExpense": "None", "netIncomeFromContinuingOperations": "856000", "comprehensiveIncomeNetOfTax": "None", "ebit": "-21213000", "ebitda": "-20452000", "netIncome": "856000"}, {"fiscalDateEnding": "2022-09-30", "reportedCurrency": "USD", "grossProfit": "62859000", "totalRevenue": "89878000", "costOfRevenue": "27019000", "costofGoodsAndServicesSold": "27019000", "operatingIncome": "-5144000", "sellingGeneralAndAdministrative": "26302000", "researchAndDevelopment": "5765000", "operatingExpenses": "68003000", "investmentIncomeNet": "None", "netInterestIncome": "750000", "interestIncome": "750000", "interestExpense": "750000", "nonInterestIncome": "None", "otherNonOperatingIncome": "None", "depreciation": "None", "depreciationAndAmortization": "774000", "incomeBeforeTax": "-3883000", "incomeTaxExpense": "1257000", "interestAndDebtExpense": "None", "netIncomeFromContinuingOperations": "-5140000", "comprehensiveIncomeNetOfTax": "None", "ebit": "-1651000", "ebitda": "-877000", "netIncome": "-5140000"}, {"fiscalDateEnding": "2022-06-30", "reportedCurrency": "USD", "grossProfit": "43630000", "totalRevenue": "94440000", "costOfRevenue": "50810000", "costofGoodsAndServicesSold": "50810000", "operatingIncome": "-62832000", "sellingGeneralAndAdministrative": "33759000", "researchAndDevelopment": "9356000", "operatingExpenses": "106462000", "investmentIncomeNet": "None", "netInterestIncome": "288000", "interestIncome": "288000", "interestExpense": "288000", "nonInterestIncome": "None", "otherNonOperatingIncome": "None", "depreciation": "None", "depreciationAndAmortization": "781000", "incomeBeforeTax": "-64799000", "incomeTaxExpense": "5157000", "interestAndDebtExpense": "None", "netIncomeFromContinuingOperations": "-69956000", "comprehensiveIncomeNetOfTax": "None", "ebit": "-52619000", "ebitda": "-51838000", "netIncome": "-69956000"}, {"fiscalDateEnding": "2022-03-31", "reportedCurrency": "USD", "grossProfit": "72391000", "totalRevenue": "94630000", "costOfRevenue": "22239000", "costofGoodsAndServicesSold": "22239000", "operatingIncome": "-28307000", "sellingGeneralAndAdministrative": "28395000", "researchAndDevelopment": "10051000", "operatingExpenses": "100698000", "investmentIncomeNet": "None", "netInterestIncome": "203000", "interestIncome": "203000", "interestExpense": "203000", "nonInterestIncome": "None", "otherNonOperatingIncome": "None", "depreciation": "None", "depreciationAndAmortization": "780000", "incomeBeforeTax": "-28350000", "incomeTaxExpense": "3213000", "interestAndDebtExpense": "None", "netIncomeFromContinuingOperations": "-31563000", "comprehensiveIncomeNetOfTax": "None", "ebit": "-28307000", "ebitda": "-27527000", "netIncome": "-31563000"}, {"fiscalDateEnding": "2021-12-31", "reportedCurrency": "USD", "grossProfit": "113856000", "totalRevenue": "144491000", "costOfRevenue": "30635000", "costofGoodsAndServicesSold": "30635000", "operatingIncome": "16133000", "sellingGeneralAndAdministrative": "33312000", "researchAndDevelopment": "5753000", "operatingExpenses": "97723000", "investmentIncomeNet": "None", "netInterestIncome": "172000", "interestIncome": "176000", "interestExpense": "23000", "nonInterestIncome": "None", "otherNonOperatingIncome": "None", "depreciation": "None", "depreciationAndAmortization": "781000", "incomeBeforeTax": "16393000", "incomeTaxExpense": "1695000", "interestAndDebtExpense": "None", "netIncomeFromContinuingOperations": "14698000", "comprehensiveIncomeNetOfTax": "None", "ebit": "16045000", "ebitda": "16826000", "netIncome": "14698000"}, {"fiscalDateEnding": "2021-09-30", "reportedCurrency": "USD", "grossProfit": "111827000", "totalRevenue": "142038000", "costOfRevenue": "30211000", "costofGoodsAndServicesSold": "30211000", "operatingIncome": "-13073000", "sellingGeneralAndAdministrative": "35070000", "researchAndDevelopment": "7820000", "operatingExpenses": "124900000", "investmentIncomeNet": "None", "netInterestIncome": "163000", "interestIncome": "556000", "interestExpense": "393000", "nonInterestIncome": "None", "otherNonOperatingIncome": "None", "depreciation": "None", "depreciationAndAmortization": "780000", "incomeBeforeTax": "-12967000", "incomeTaxExpense": "184000", "interestAndDebtExpense": "None", "netIncomeFromContinuingOperations": "-13151000", "comprehensiveIncomeNetOfTax": "None", "ebit": "1042000", "ebitda": "1822000", "netIncome": "-13151000"}, {"fiscalDateEnding": "2021-06-30", "reportedCurrency": "USD", "grossProfit": "122333000", "totalRevenue": "154488000", "costOfRevenue": "32155000", "costofGoodsAndServicesSold": "32155000", "operatingIncome": "8773000", "sellingGeneralAndAdministrative": "34247000", "researchAndDevelopment": "6357000", "operatingExpenses": "113560000", "investmentIncomeNet": "None", "netInterestIncome": "285000", "interestIncome": "315000", "interestExpense": "30000", "nonInterestIncome": "None", "otherNonOperatingIncome": "None", "depreciation": "None", "depreciationAndAmortization": "785000", "incomeBeforeTax": "8867000", "incomeTaxExpense": "1059000", "interestAndDebtExpense": "None", "netIncomeFromContinuingOperations": "7808000", "comprehensiveIncomeNetOfTax": "None", "ebit": "8773000", "ebitda": "9558000", "netIncome": "7808000"}, {"fiscalDateEnding": "2021-03-31", "reportedCurrency": "USD", "grossProfit": "113844000", "totalRevenue": "142170000", "costOfRevenue": "28326000", "costofGoodsAndServicesSold": "28326000", "operatingIncome": "-1331000", "sellingGeneralAndAdministrative": "39231000", "researchAndDevelopment": "9377000", "operatingExpenses": "115175000", "investmentIncomeNet": "None", "netInterestIncome": "471000", "interestIncome": "525000", "interestExpense": "54000", "nonInterestIncome": "None", "otherNonOperatingIncome": "None", "depreciation": "None", "depreciationAndAmortization": "511000", "incomeBeforeTax": "-1002000", "incomeTaxExpense": "624000", "interestAndDebtExpense": "None", "netIncomeFromContinuingOperations": "-1626000", "comprehensiveIncomeNetOfTax": "None", "ebit": "-1331000", "ebitda": "-820000", "netIncome": "-1626000"}, {"fiscalDateEnding": "2020-12-31", "reportedCurrency": "USD", "grossProfit": "132482000", "totalRevenue": "167251000", "costOfRevenue": "34769000", "costofGoodsAndServicesSold": "34769000", "operatingIncome": "7158000", "sellingGeneralAndAdministrative": "26862000", "researchAndDevelopment": "8508000", "operatingExpenses": "125324000", "investmentIncomeNet": "None", "netInterestIncome": "388000", "interestIncome": "551000", "interestExpense": "163000", "nonInterestIncome": "None", "otherNonOperatingIncome": "None", "depreciation": "None", "depreciationAndAmortization": "511000", "incomeBeforeTax": "7600000", "incomeTaxExpense": "2674000", "interestAndDebtExpense": "None", "netIncomeFromContinuingOperations": "4926000", "comprehensiveIncomeNetOfTax": "None", "ebit": "7763000", "ebitda": "8274000", "netIncome": "4926000"}, {"fiscalDateEnding": "2020-09-30", "reportedCurrency": "USD", "grossProfit": "123428000", "totalRevenue": "156499000", "costOfRevenue": "33071000", "costofGoodsAndServicesSold": "33071000", "operatingIncome": "-6940000", "sellingGeneralAndAdministrative": "26529000", "researchAndDevelopment": "10204000", "operatingExpenses": "130368000", "investmentIncomeNet": "None", "netInterestIncome": "549000", "interestIncome": "1010000", "interestExpense": "461000", "nonInterestIncome": "None", "otherNonOperatingIncome": "None", "depreciation": "None", "depreciationAndAmortization": "511000", "incomeBeforeTax": "-6358000", "incomeTaxExpense": "430000", "interestAndDebtExpense": "None", "netIncomeFromContinuingOperations": "-6788000", "comprehensiveIncomeNetOfTax": "None", "ebit": "-5994000", "ebitda": "-5483000", "netIncome": "-6788000"}, {"fiscalDateEnding": "2020-06-30", "reportedCurrency": "USD", "grossProfit": "106520000", "totalRevenue": "135317000", "costOfRevenue": "28797000", "costofGoodsAndServicesSold": "28797000", "operatingIncome": "4156000", "sellingGeneralAndAdministrative": "27794000", "researchAndDevelopment": "9969000", "operatingExpenses": "102364000", "investmentIncomeNet": "None", "netInterestIncome": "151000", "interestIncome": "941000", "interestExpense": "790000", "nonInterestIncome": "None", "otherNonOperatingIncome": "None", "depreciation": "None", "depreciationAndAmortization": "510000", "incomeBeforeTax": "4415000", "incomeTaxExpense": "-259000", "interestAndDebtExpense": "None", "netIncomeFromContinuingOperations": "4415000", "comprehensiveIncomeNetOfTax": "None", "ebit": "5205000", "ebitda": "5715000", "netIncome": "4415000"}, {"fiscalDateEnding": "2020-03-31", "reportedCurrency": "USD", "grossProfit": "120186000", "totalRevenue": "154993000", "costOfRevenue": "34807000", "costofGoodsAndServicesSold": "34807000", "operatingIncome": "-24029000", "sellingGeneralAndAdministrative": "31478000", "researchAndDevelopment": "10278000", "operatingExpenses": "144215000", "investmentIncomeNet": "None", "netInterestIncome": "1208000", "interestIncome": "2399000", "interestExpense": "1191000", "nonInterestIncome": "None", "otherNonOperatingIncome": "None", "depreciation": "None", "depreciationAndAmortization": "506000", "incomeBeforeTax": "-22912000", "incomeTaxExpense": "-2359000", "interestAndDebtExpense": "None", "netIncomeFromContinuingOperations": "-20553000", "comprehensiveIncomeNetOfTax": "None", "ebit": "-21734000", "ebitda": "-21228000", "netIncome": "-20553000"}, {"fiscalDateEnding": "2019-12-31", "reportedCurrency": "USD", "grossProfit": "112612000", "totalRevenue": "143277000", "costOfRevenue": "30665000", "costofGoodsAndServicesSold": "30665000", "operatingIncome": "5490000", "sellingGeneralAndAdministrative": "96025000", "researchAndDevelopment": "11097000", "operatingExpenses": "107122000", "investmentIncomeNet": "None", "netInterestIncome": "1635000", "interestIncome": "3074000", "interestExpense": "1439000", "nonInterestIncome": "None", "otherNonOperatingIncome": "None", "depreciation": "None", "depreciationAndAmortization": "322000", "incomeBeforeTax": "7232000", "incomeTaxExpense": "164000", "interestAndDebtExpense": "None", "netIncomeFromContinuingOperations": "7068000", "comprehensiveIncomeNetOfTax": "None", "ebit": "8671000", "ebitda": "8993000", "netIncome": "7068000"}, {"fiscalDateEnding": "2019-09-30", "reportedCurrency": "USD", "grossProfit": "86964000", "totalRevenue": "112408000", "costOfRevenue": "25444000", "costofGoodsAndServicesSold": "25444000", "operatingIncome": "-4518000", "sellingGeneralAndAdministrative": "21328000", "researchAndDevelopment": "8923000", "operatingExpenses": "91482000", "investmentIncomeNet": "None", "netInterestIncome": "1146000", "interestIncome": "2759000", "interestExpense": "1613000", "nonInterestIncome": "None", "otherNonOperatingIncome": "None", "depreciation": "None", "depreciationAndAmortization": "208000", "incomeBeforeTax": "-3462000", "incomeTaxExpense": "-1056000", "interestAndDebtExpense": "None", "netIncomeFromContinuingOperations": "-3462000", "comprehensiveIncomeNetOfTax": "None", "ebit": "-1849000", "ebitda": "-1641000", "netIncome": "-3462000"}, {"fiscalDateEnding": "2019-06-30", "reportedCurrency": "USD", "grossProfit": "78022000", "totalRevenue": "100792000", "costOfRevenue": "22770000", "costofGoodsAndServicesSold": "22770000", "operatingIncome": "-2514000", "sellingGeneralAndAdministrative": "20568000", "researchAndDevelopment": "7130000", "operatingExpenses": "80536000", "investmentIncomeNet": "None", "netInterestIncome": "789000", "interestIncome": "2531000", "interestExpense": "1742000", "nonInterestIncome": "None", "otherNonOperatingIncome": "None", "depreciation": "None", "depreciationAndAmortization": "162000", "incomeBeforeTax": "-1820000", "incomeTaxExpense": "1742000", "interestAndDebtExpense": "None", "netIncomeFromContinuingOperations": "-1820000", "comprehensiveIncomeNetOfTax": "None", "ebit": "-77613", "ebitda": "84387", "netIncome": "-1820000"}, {"fiscalDateEnding": "2019-03-31", "reportedCurrency": "USD", "grossProfit": "56138000", "totalRevenue": "73278000", "costOfRevenue": "17140000", "costofGoodsAndServicesSold": "17140000", "operatingIncome": "-22737000", "sellingGeneralAndAdministrative": "16852000", "researchAndDevelopment": "7242000", "operatingExpenses": "78875000", "investmentIncomeNet": "None", "netInterestIncome": "-1697000", "interestIncome": "1697000", "interestExpense": "1832000", "nonInterestIncome": "None", "otherNonOperatingIncome": "None", "depreciation": "None", "depreciationAndAmortization": "168775", "incomeBeforeTax": "-24431000", "incomeTaxExpense": "1694000", "interestAndDebtExpense": "None", "netIncomeFromContinuingOperations": "-24431000", "comprehensiveIncomeNetOfTax": "None", "ebit": "-22599000", "ebitda": "-22430225", "netIncome": "-24431000"}, {"fiscalDateEnding": "2018-12-31", "reportedCurrency": "USD", "grossProfit": "59821000", "totalRevenue": "77330000", "costOfRevenue": "16665000", "costofGoodsAndServicesSold": "16665000", "operatingIncome": "-31771000", "sellingGeneralAndAdministrative": "63377000", "researchAndDevelopment": "11906000", "operatingExpenses": "91592000", "investmentIncomeNet": "None", "netInterestIncome": "None", "interestIncome": "None", "interestExpense": "1992000", "nonInterestIncome": "None", "otherNonOperatingIncome": "None", "depreciation": "None", "depreciationAndAmortization": "173000", "incomeBeforeTax": "-33574000", "incomeTaxExpense": "96000", "interestAndDebtExpense": "None", "netIncomeFromContinuingOperations": "-33669000", "comprehensiveIncomeNetOfTax": "None", "ebit": "-31581000", "ebitda": "-31408000", "netIncome": "-33670000"}, {"fiscalDateEnding": "2018-09-30", "reportedCurrency": "USD", "grossProfit": "41782000", "totalRevenue": "55323000", "costOfRevenue": "13541000", "costofGoodsAndServicesSold": "13541000", "operatingIncome": "-22250000", "sellingGeneralAndAdministrative": "38803000", "researchAndDevelopment": "14072000", "operatingExpenses": "64032000", "investmentIncomeNet": "None", "netInterestIncome": "None", "interestIncome": "None", "interestExpense": "2261000", "nonInterestIncome": "None", "otherNonOperatingIncome": "None", "depreciation": "None", "depreciationAndAmortization": "162000", "incomeBeforeTax": "-24471000", "incomeTaxExpense": "2221000", "interestAndDebtExpense": "None", "netIncomeFromContinuingOperations": "-24471000", "comprehensiveIncomeNetOfTax": "None", "ebit": "-22210000", "ebitda": "-22048000", "netIncome": "-24471000"}, {"fiscalDateEnding": "2018-06-30", "reportedCurrency": "USD", "grossProfit": "39797000", "totalRevenue": "52643000", "costOfRevenue": "12846000", "costofGoodsAndServicesSold": "12846000", "operatingIncome": "-32306000", "sellingGeneralAndAdministrative": "43660000", "researchAndDevelopment": "18159000", "operatingExpenses": "72103000", "investmentIncomeNet": "None", "netInterestIncome": "None", "interestIncome": "None", "interestExpense": "2285000", "nonInterestIncome": "None", "otherNonOperatingIncome": "None", "depreciation": "None", "depreciationAndAmortization": "161982", "incomeBeforeTax": "-33789000", "incomeTaxExpense": "1904000", "interestAndDebtExpense": "None", "netIncomeFromContinuingOperations": "-34210000", "comprehensiveIncomeNetOfTax": "None", "ebit": "-31922982", "ebitda": "-31761000", "netIncome": "-34210000"}, {"fiscalDateEnding": "2018-03-31", "reportedCurrency": "USD", "grossProfit": "33271000", "totalRevenue": "43919000", "costOfRevenue": "10648000", "costofGoodsAndServicesSold": "10648000", "operatingIncome": "-21898000", "sellingGeneralAndAdministrative": "34336000", "researchAndDevelopment": "11762000", "operatingExpenses": "55169000", "investmentIncomeNet": "None", "netInterestIncome": "None", "interestIncome": "None", "interestExpense": "2334000", "nonInterestIncome": "None", "otherNonOperatingIncome": "None", "depreciation": "None", "depreciationAndAmortization": "170000", "incomeBeforeTax": "-24095000", "incomeTaxExpense": "2197000", "interestAndDebtExpense": "None", "netIncomeFromContinuingOperations": "-24095000", "comprehensiveIncomeNetOfTax": "None", "ebit": "-21761000", "ebitda": "-21591000", "netIncome": "-24095000"}, {"fiscalDateEnding": "2017-12-31", "reportedCurrency": "USD", "grossProfit": "40434000", "totalRevenue": "53866000", "costOfRevenue": "13432000", "costofGoodsAndServicesSold": "13432000", "operatingIncome": "-7152000", "sellingGeneralAndAdministrative": "28861000", "researchAndDevelopment": "11947000", "operatingExpenses": "47586000", "investmentIncomeNet": "None", "netInterestIncome": "None", "interestIncome": "None", "interestExpense": "2446000", "nonInterestIncome": "None", "otherNonOperatingIncome": "None", "depreciation": "None", "depreciationAndAmortization": "174347", "incomeBeforeTax": "-9547000", "incomeTaxExpense": "13047000", "interestAndDebtExpense": "None", "netIncomeFromContinuingOperations": "-63367000", "comprehensiveIncomeNetOfTax": "None", "ebit": "-6974347", "ebitda": "-6800000", "netIncome": "-22465000"}, {"fiscalDateEnding": "2017-09-30", "reportedCurrency": "USD", "grossProfit": "35439000", "totalRevenue": "47360000", "costOfRevenue": "11921000", "costofGoodsAndServicesSold": "11921000", "operatingIncome": "-8449000", "sellingGeneralAndAdministrative": "27266000", "researchAndDevelopment": "10694000", "operatingExpenses": "43888000", "investmentIncomeNet": "None", "netInterestIncome": "None", "interestIncome": "None", "interestExpense": "2449000", "nonInterestIncome": "None", "otherNonOperatingIncome": "None", "depreciation": "None", "depreciationAndAmortization": "175000", "incomeBeforeTax": "-10825000", "incomeTaxExpense": "2376000", "interestAndDebtExpense": "None", "netIncomeFromContinuingOperations": "-32746000", "comprehensiveIncomeNetOfTax": "None", "ebit": "-8376000", "ebitda": "-8201000", "netIncome": "-10825000"}, {"fiscalDateEnding": "2017-06-30", "reportedCurrency": "USD", "grossProfit": "33840000", "totalRevenue": "45241000", "costOfRevenue": "11401000", "costofGoodsAndServicesSold": "11401000", "operatingIncome": "-11399000", "sellingGeneralAndAdministrative": "26976000", "researchAndDevelopment": "13694000", "operatingExpenses": "45239000", "investmentIncomeNet": "None", "netInterestIncome": "None", "interestIncome": "None", "interestExpense": "2459000", "nonInterestIncome": "None", "otherNonOperatingIncome": "None", "depreciation": "None", "depreciationAndAmortization": "181622", "incomeBeforeTax": "-13634000", "incomeTaxExpense": "2235000", "interestAndDebtExpense": "None", "netIncomeFromContinuingOperations": "49189000", "comprehensiveIncomeNetOfTax": "None", "ebit": "-11178622", "ebitda": "-10997000", "netIncome": "-13634000"}, {"fiscalDateEnding": "2017-03-31", "reportedCurrency": "USD", "grossProfit": "26439000", "totalRevenue": "34637000", "costOfRevenue": "8198000", "costofGoodsAndServicesSold": "8198000", "operatingIncome": "-18555000", "sellingGeneralAndAdministrative": "28939000", "researchAndDevelopment": "10823000", "operatingExpenses": "44994000", "investmentIncomeNet": "None", "netInterestIncome": "None", "interestIncome": "None", "interestExpense": "2412000", "nonInterestIncome": "None", "otherNonOperatingIncome": "None", "depreciation": "None", "depreciationAndAmortization": "175039", "incomeBeforeTax": "-20030000", "incomeTaxExpense": "2386000", "interestAndDebtExpense": "None", "netIncomeFromContinuingOperations": "-20941000", "comprehensiveIncomeNetOfTax": "None", "ebit": "-18521039", "ebitda": "-18346000", "netIncome": "-20941000"}, {"fiscalDateEnding": "2016-12-31", "reportedCurrency": "USD", "grossProfit": "28541000", "totalRevenue": "38696000", "costOfRevenue": "10155000", "costofGoodsAndServicesSold": "10155000", "operatingIncome": "-12861000", "sellingGeneralAndAdministrative": "25863000", "researchAndDevelopment": "10177000", "operatingExpenses": "41402000", "investmentIncomeNet": "None", "netInterestIncome": "None", "interestIncome": "None", "interestExpense": "2309000", "nonInterestIncome": "None", "otherNonOperatingIncome": "None", "depreciation": "None", "depreciationAndAmortization": "185000", "incomeBeforeTax": "-13813000", "incomeTaxExpense": "12301000", "interestAndDebtExpense": "None", "netIncomeFromContinuingOperations": "-97286000", "comprehensiveIncomeNetOfTax": "None", "ebit": "-12843000", "ebitda": "-12658000", "netIncome": "-27453000"}, {"fiscalDateEnding": "2016-09-30", "reportedCurrency": "USD", "grossProfit": "24283000", "totalRevenue": "32734000", "costOfRevenue": "8451000", "costofGoodsAndServicesSold": "8451000", "operatingIncome": "-15268000", "sellingGeneralAndAdministrative": "21503000", "researchAndDevelopment": "13490000", "operatingExpenses": "39551000", "investmentIncomeNet": "None", "netInterestIncome": "None", "interestIncome": "None", "interestExpense": "5068000", "nonInterestIncome": "None", "otherNonOperatingIncome": "None", "depreciation": "None", "depreciationAndAmortization": "197000", "incomeBeforeTax": "-16787000", "incomeTaxExpense": "-1015000", "interestAndDebtExpense": "None", "netIncomeFromContinuingOperations": "24290000", "comprehensiveIncomeNetOfTax": "None", "ebit": "-11719000", "ebitda": "-11522000", "netIncome": "-15772000"}, {"fiscalDateEnding": "2016-06-30", "reportedCurrency": "USD", "grossProfit": "24250000", "totalRevenue": "33111000", "costOfRevenue": "8861000", "costofGoodsAndServicesSold": "8861000", "operatingIncome": "-14394000", "sellingGeneralAndAdministrative": "21515000", "researchAndDevelopment": "12578000", "operatingExpenses": "38644000", "investmentIncomeNet": "None", "netInterestIncome": "None", "interestIncome": "None", "interestExpense": "5698000", "nonInterestIncome": "None", "otherNonOperatingIncome": "None", "depreciation": "None", "depreciationAndAmortization": "196000", "incomeBeforeTax": "-14382000", "incomeTaxExpense": "-1028000", "interestAndDebtExpense": "None", "netIncomeFromContinuingOperations": "-13354000", "comprehensiveIncomeNetOfTax": "None", "ebit": "-8684000", "ebitda": "-8488000", "netIncome": "-13354000"}, {"fiscalDateEnding": "2016-03-31", "reportedCurrency": "USD", "grossProfit": "18647000", "totalRevenue": "25543000", "costOfRevenue": "6896000", "costofGoodsAndServicesSold": "6896000", "operatingIncome": "-23103000", "sellingGeneralAndAdministrative": "24522000", "researchAndDevelopment": "13730000", "operatingExpenses": "41750000", "investmentIncomeNet": "None", "netInterestIncome": "None", "interestIncome": "None", "interestExpense": "5602000", "nonInterestIncome": "None", "otherNonOperatingIncome": "None", "depreciation": "None", "depreciationAndAmortization": "205000", "incomeBeforeTax": "-30060000", "incomeTaxExpense": "-289000", "interestAndDebtExpense": "None", "netIncomeFromContinuingOperations": "0", "comprehensiveIncomeNetOfTax": "None", "ebit": "-24458000", "ebitda": "-24253000", "netIncome": "-29771000"}, {"fiscalDateEnding": "2015-12-31", "reportedCurrency": "USD", "grossProfit": "18244000", "totalRevenue": "26633000", "costOfRevenue": "8389000", "costofGoodsAndServicesSold": "8389000", "operatingIncome": "-18622000", "sellingGeneralAndAdministrative": "20817000", "researchAndDevelopment": "13347000", "operatingExpenses": "36866000", "investmentIncomeNet": "None", "netInterestIncome": "None", "interestIncome": "None", "interestExpense": "5354000", "nonInterestIncome": "None", "otherNonOperatingIncome": "None", "depreciation": "None", "depreciationAndAmortization": "203000", "incomeBeforeTax": "-23436000", "incomeTaxExpense": "-1545000", "interestAndDebtExpense": "None", "netIncomeFromContinuingOperations": "-115204000", "comprehensiveIncomeNetOfTax": "None", "ebit": "-18082000", "ebitda": "-17879000", "netIncome": "-21891000"}, {"fiscalDateEnding": "2015-09-30", "reportedCurrency": "USD", "grossProfit": "14005000", "totalRevenue": "21483000", "costOfRevenue": "7478000", "costofGoodsAndServicesSold": "7478000", "operatingIncome": "-25814000", "sellingGeneralAndAdministrative": "24650000", "researchAndDevelopment": "13092000", "operatingExpenses": "39819000", "investmentIncomeNet": "None", "netInterestIncome": "None", "interestIncome": "None", "interestExpense": "5074000", "nonInterestIncome": "None", "otherNonOperatingIncome": "None", "depreciation": "None", "depreciationAndAmortization": "201000", "incomeBeforeTax": "-31207000", "incomeTaxExpense": "-532000", "interestAndDebtExpense": "None", "netIncomeFromContinuingOperations": "0", "comprehensiveIncomeNetOfTax": "None", "ebit": "-26133000", "ebitda": "-25932000", "netIncome": "-30675000"}, {"fiscalDateEnding": "2015-06-30", "reportedCurrency": "USD", "grossProfit": "11326000", "totalRevenue": "17707000", "costOfRevenue": "6381000", "costofGoodsAndServicesSold": "6381000", "operatingIncome": "-26737000", "sellingGeneralAndAdministrative": "26054000", "researchAndDevelopment": "12009000", "operatingExpenses": "38063000", "investmentIncomeNet": "None", "netInterestIncome": "None", "interestIncome": "None", "interestExpense": "4855000", "nonInterestIncome": "None", "otherNonOperatingIncome": "None", "depreciation": "None", "depreciationAndAmortization": "205000", "incomeBeforeTax": "-32049000", "incomeTaxExpense": "-537000", "interestAndDebtExpense": "None", "netIncomeFromContinuingOperations": "0", "comprehensiveIncomeNetOfTax": "None", "ebit": "-27194000", "ebitda": "-26989000", "netIncome": "-31512000"}, {"fiscalDateEnding": "2015-03-31", "reportedCurrency": "USD", "grossProfit": "10306000", "totalRevenue": "15933000", "costOfRevenue": "5627000", "costofGoodsAndServicesSold": "5627000", "operatingIncome": "-27049000", "sellingGeneralAndAdministrative": "23260000", "researchAndDevelopment": "12614000", "operatingExpenses": "37355000", "investmentIncomeNet": "None", "netInterestIncome": "None", "interestIncome": "None", "interestExpense": "4897000", "nonInterestIncome": "None", "otherNonOperatingIncome": "None", "depreciation": "None", "depreciationAndAmortization": "203000", "incomeBeforeTax": "-31598000", "incomeTaxExpense": "-472000", "interestAndDebtExpense": "None", "netIncomeFromContinuingOperations": "0", "comprehensiveIncomeNetOfTax": "None", "ebit": "-26701000", "ebitda": "-26498000", "netIncome": "-31126000"}, {"fiscalDateEnding": "2014-12-31", "reportedCurrency": "USD", "grossProfit": "10632000", "totalRevenue": "16480000", "costOfRevenue": "5848000", "costofGoodsAndServicesSold": "5848000", "operatingIncome": "-20200000", "sellingGeneralAndAdministrative": "18397000", "researchAndDevelopment": "12435000", "operatingExpenses": "30832000", "investmentIncomeNet": "None", "netInterestIncome": "None", "interestIncome": "None", "interestExpense": "4914000", "nonInterestIncome": "None", "otherNonOperatingIncome": "None", "depreciation": "None", "depreciationAndAmortization": "205000", "incomeBeforeTax": "-23779000", "incomeTaxExpense": "-4122000", "interestAndDebtExpense": "None", "netIncomeFromContinuingOperations": "-56364000", "comprehensiveIncomeNetOfTax": "None", "ebit": "-18833000", "ebitda": "-18628000", "netIncome": "-19657000"}, {"fiscalDateEnding": "2014-09-30", "reportedCurrency": "USD", "grossProfit": "8783000", "totalRevenue": "14149000", "costOfRevenue": "5366000", "costofGoodsAndServicesSold": "5366000", "operatingIncome": "-24944000", "sellingGeneralAndAdministrative": "19270000", "researchAndDevelopment": "14457000", "operatingExpenses": "33727000", "investmentIncomeNet": "None", "netInterestIncome": "None", "interestIncome": "None", "interestExpense": "4888000", "nonInterestIncome": "None", "otherNonOperatingIncome": "None", "depreciation": "None", "depreciationAndAmortization": "209000", "incomeBeforeTax": "-25601000", "incomeTaxExpense": "449000", "interestAndDebtExpense": "None", "netIncomeFromContinuingOperations": "0", "comprehensiveIncomeNetOfTax": "None", "ebit": "-20713000", "ebitda": "-20504000", "netIncome": "-26050000"}, {"fiscalDateEnding": "2014-06-30", "reportedCurrency": "USD", "grossProfit": "7581000", "totalRevenue": "12606000", "costOfRevenue": "5025000", "costofGoodsAndServicesSold": "5025000", "operatingIncome": "-25240000", "sellingGeneralAndAdministrative": "21094000", "researchAndDevelopment": "11727000", "operatingExpenses": "32821000", "investmentIncomeNet": "None", "netInterestIncome": "None", "interestIncome": "None", "interestExpense": "4338000", "nonInterestIncome": "None", "otherNonOperatingIncome": "None", "depreciation": "None", "depreciationAndAmortization": "213000", "incomeBeforeTax": "15734000", "incomeTaxExpense": "411000", "interestAndDebtExpense": "None", "netIncomeFromContinuingOperations": "0", "comprehensiveIncomeNetOfTax": "None", "ebit": "-25240000", "ebitda": "-25027000", "netIncome": "15323000"}, {"fiscalDateEnding": "2014-03-31", "reportedCurrency": "USD", "grossProfit": "6721000", "totalRevenue": "10967000", "costOfRevenue": "4246000", "costofGoodsAndServicesSold": "4246000", "operatingIncome": "-25571000", "sellingGeneralAndAdministrative": "20585000", "researchAndDevelopment": "11707000", "operatingExpenses": "32292000", "investmentIncomeNet": "None", "netInterestIncome": "None", "interestIncome": "None", "interestExpense": "4403000", "nonInterestIncome": "None", "otherNonOperatingIncome": "None", "depreciation": "None", "depreciationAndAmortization": "217000", "incomeBeforeTax": "-25555000", "incomeTaxExpense": "425000", "interestAndDebtExpense": "None", "netIncomeFromContinuingOperations": "0", "comprehensiveIncomeNetOfTax": "None", "ebit": "-21152000", "ebitda": "-20935000", "netIncome": "-25980000"}, {"fiscalDateEnding": "2013-12-31", "reportedCurrency": "USD", "grossProfit": "6007000", "totalRevenue": "10106000", "costOfRevenue": "4099000", "costofGoodsAndServicesSold": "4099000", "operatingIncome": "-32888000", "sellingGeneralAndAdministrative": "22267000", "researchAndDevelopment": "16602000", "operatingExpenses": "37095000", "investmentIncomeNet": "None", "netInterestIncome": "None", "interestIncome": "None", "interestExpense": "7315000", "nonInterestIncome": "None", "otherNonOperatingIncome": "None", "depreciation": "None", "depreciationAndAmortization": "151000", "incomeBeforeTax": "-13778000", "incomeTaxExpense": "1633000", "interestAndDebtExpense": "None", "netIncomeFromContinuingOperations": "-166227000", "comprehensiveIncomeNetOfTax": "None", "ebit": "-6386000", "ebitda": "-6235000", "netIncome": "-15411000"}, {"fiscalDateEnding": "2013-09-30", "reportedCurrency": "USD", "grossProfit": "4721000", "totalRevenue": "8403000", "costOfRevenue": "3682000", "costofGoodsAndServicesSold": "3682000", "operatingIncome": "-40374000", "sellingGeneralAndAdministrative": "28274000", "researchAndDevelopment": "16821000", "operatingExpenses": "45095000", "investmentIncomeNet": "None", "netInterestIncome": "None", "interestIncome": "None", "interestExpense": "8463000", "nonInterestIncome": "None", "otherNonOperatingIncome": "None", "depreciation": "None", "depreciationAndAmortization": "222000", "incomeBeforeTax": "-50519000", "incomeTaxExpense": "-1635000", "interestAndDebtExpense": "None", "netIncomeFromContinuingOperations": "0", "comprehensiveIncomeNetOfTax": "None", "ebit": "-42056000", "ebitda": "-41834000", "netIncome": "-48884000"}, {"fiscalDateEnding": "2013-06-30", "reportedCurrency": "USD", "grossProfit": "2656000", "totalRevenue": "5500000", "costOfRevenue": "2844000", "costofGoodsAndServicesSold": "2844000", "operatingIncome": "-48794000", "sellingGeneralAndAdministrative": "33961000", "researchAndDevelopment": "17489000", "operatingExpenses": "54294000", "investmentIncomeNet": "None", "netInterestIncome": "None", "interestIncome": "None", "interestExpense": "9446000", "nonInterestIncome": "None", "otherNonOperatingIncome": "None", "depreciation": "None", "depreciationAndAmortization": "222000", "incomeBeforeTax": "-39709000", "incomeTaxExpense": "65000", "interestAndDebtExpense": "None", "netIncomeFromContinuingOperations": "0", "comprehensiveIncomeNetOfTax": "None", "ebit": "-30263000", "ebitda": "-30041000", "netIncome": "-39774000"}, {"fiscalDateEnding": "2013-03-31", "reportedCurrency": "USD", "grossProfit": "1054000", "totalRevenue": "2341000", "costOfRevenue": "1287000", "costofGoodsAndServicesSold": "1287000", "operatingIncome": "-60051000", "sellingGeneralAndAdministrative": "39267000", "researchAndDevelopment": "21838000", "operatingExpenses": "61105000", "investmentIncomeNet": "None", "netInterestIncome": "None", "interestIncome": "None", "interestExpense": "8957000", "nonInterestIncome": "None", "otherNonOperatingIncome": "None", "depreciation": "None", "depreciationAndAmortization": "220000", "incomeBeforeTax": "-65415000", "incomeTaxExpense": "-3257000", "interestAndDebtExpense": "None", "netIncomeFromContinuingOperations": "0", "comprehensiveIncomeNetOfTax": "None", "ebit": "-56458000", "ebitda": "-56238000", "netIncome": "-62158000"}, {"fiscalDateEnding": "2012-12-31", "reportedCurrency": "USD", "grossProfit": "0", "totalRevenue": "0", "costOfRevenue": "0", "costofGoodsAndServicesSold": "0", "operatingIncome": "-35956000", "sellingGeneralAndAdministrative": "16700000", "researchAndDevelopment": "19221000", "operatingExpenses": "35956000", "investmentIncomeNet": "None", "netInterestIncome": "None", "interestIncome": "None", "interestExpense": "4709000", "nonInterestIncome": "None", "otherNonOperatingIncome": "None", "depreciation": "None", "depreciationAndAmortization": "218000", "incomeBeforeTax": "-7339000", "incomeTaxExpense": "3228000", "interestAndDebtExpense": "None", "netIncomeFromContinuingOperations": "0", "comprehensiveIncomeNetOfTax": "None", "ebit": "-71183000", "ebitda": "-70965000", "netIncome": "-10567000"}, {"fiscalDateEnding": "2012-09-30", "reportedCurrency": "USD", "grossProfit": "0", "totalRevenue": "0", "costOfRevenue": "0", "costofGoodsAndServicesSold": "0", "operatingIncome": "-34310000", "sellingGeneralAndAdministrative": "14591000", "researchAndDevelopment": "20913000", "operatingExpenses": "34310000", "investmentIncomeNet": "None", "netInterestIncome": "None", "interestIncome": "None", "interestExpense": "4643000", "nonInterestIncome": "None", "otherNonOperatingIncome": "None", "depreciation": "None", "depreciationAndAmortization": "156000", "incomeBeforeTax": "-22853000", "incomeTaxExpense": "3573000", "interestAndDebtExpense": "None", "netIncomeFromContinuingOperations": "0", "comprehensiveIncomeNetOfTax": "None", "ebit": "-18210000", "ebitda": "-18054000", "netIncome": "-26426000"}, {"fiscalDateEnding": "2012-06-30", "reportedCurrency": "USD", "grossProfit": "0", "totalRevenue": "0", "costOfRevenue": "0", "costofGoodsAndServicesSold": "0", "operatingIncome": "-27701000", "sellingGeneralAndAdministrative": "11777000", "researchAndDevelopment": "14066000", "operatingExpenses": "27701000", "investmentIncomeNet": "None", "netInterestIncome": "None", "interestIncome": "None", "interestExpense": "4317000", "nonInterestIncome": "None", "otherNonOperatingIncome": "None", "depreciation": "None", "depreciationAndAmortization": "43000", "incomeBeforeTax": "-51000000", "incomeTaxExpense": "2904000", "interestAndDebtExpense": "None", "netIncomeFromContinuingOperations": "0", "comprehensiveIncomeNetOfTax": "None", "ebit": "-46683000", "ebitda": "-46640000", "netIncome": "-53904000"}, {"fiscalDateEnding": "2012-03-31", "reportedCurrency": "USD", "grossProfit": "0", "totalRevenue": "0", "costOfRevenue": "0", "costofGoodsAndServicesSold": "0", "operatingIncome": "-18783000", "sellingGeneralAndAdministrative": "11653000", "researchAndDevelopment": "4756000", "operatingExpenses": "18783000", "investmentIncomeNet": "None", "netInterestIncome": "None", "interestIncome": "None", "interestExpense": "3951000", "nonInterestIncome": "None", "otherNonOperatingIncome": "None", "depreciation": "None", "depreciationAndAmortization": "32000", "incomeBeforeTax": "-88875000", "incomeTaxExpense": "-590000", "interestAndDebtExpense": "None", "netIncomeFromContinuingOperations": "0", "comprehensiveIncomeNetOfTax": "None", "ebit": "-84924000", "ebitda": "-84892000", "netIncome": "-88285000"}, {"fiscalDateEnding": "2011-12-31", "reportedCurrency": "USD", "grossProfit": "0", "totalRevenue": "0", "costOfRevenue": "0", "costofGoodsAndServicesSold": "0", "operatingIncome": "-12325000", "sellingGeneralAndAdministrative": "22559000", "researchAndDevelopment": "5951000", "operatingExpenses": "12325000", "investmentIncomeNet": "None", "netInterestIncome": "None", "interestIncome": "None", "interestExpense": "133000", "nonInterestIncome": "None", "otherNonOperatingIncome": "None", "depreciation": "None", "depreciationAndAmortization": "28000", "incomeBeforeTax": "18502000", "incomeTaxExpense": "164000", "interestAndDebtExpense": "None", "netIncomeFromContinuingOperations": "0", "comprehensiveIncomeNetOfTax": "None", "ebit": "-34773000", "ebitda": "-34745000", "netIncome": "18338000"}, {"fiscalDateEnding": "2011-09-30", "reportedCurrency": "USD", "grossProfit": "0", "totalRevenue": "0", "costOfRevenue": "0", "costofGoodsAndServicesSold": "0", "operatingIncome": "-9446000", "sellingGeneralAndAdministrative": "3400000", "researchAndDevelopment": "6013000", "operatingExpenses": "9446000", "investmentIncomeNet": "None", "netInterestIncome": "None", "interestIncome": "None", "interestExpense": "3000", "nonInterestIncome": "None", "otherNonOperatingIncome": "None", "depreciation": "None", "depreciationAndAmortization": "16000", "incomeBeforeTax": "97112000", "incomeTaxExpense": "767000", "interestAndDebtExpense": "None", "netIncomeFromContinuingOperations": "0", "comprehensiveIncomeNetOfTax": "None", "ebit": "-9446000", "ebitda": "-9430000", "netIncome": "96345000"}, {"fiscalDateEnding": "2011-06-30", "reportedCurrency": "USD", "grossProfit": "0", "totalRevenue": "0", "costOfRevenue": "0", "costofGoodsAndServicesSold": "0", "operatingIncome": "-15214000", "sellingGeneralAndAdministrative": "4990000", "researchAndDevelopment": "5189000", "operatingExpenses": "15214000", "investmentIncomeNet": "None", "netInterestIncome": "None", "interestIncome": "None", "interestExpense": "94000", "nonInterestIncome": "None", "otherNonOperatingIncome": "None", "depreciation": "None", "depreciationAndAmortization": "17000", "incomeBeforeTax": "200468000", "incomeTaxExpense": "-1635000", "interestAndDebtExpense": "None", "netIncomeFromContinuingOperations": "0", "comprehensiveIncomeNetOfTax": "None", "ebit": "200562000", "ebitda": "200579000", "netIncome": "202103000"}, {"fiscalDateEnding": "2011-03-31", "reportedCurrency": "USD", "grossProfit": "0", "totalRevenue": "0", "costOfRevenue": "0", "costofGoodsAndServicesSold": "0", "operatingIncome": "-7175000", "sellingGeneralAndAdministrative": "2700000", "researchAndDevelopment": "4449000", "operatingExpenses": "7175000", "investmentIncomeNet": "None", "netInterestIncome": "None", "interestIncome": "None", "interestExpense": "1000", "nonInterestIncome": "None", "otherNonOperatingIncome": "None", "depreciation": "None", "depreciationAndAmortization": "15000", "incomeBeforeTax": "18245000", "incomeTaxExpense": "-49000", "interestAndDebtExpense": "None", "netIncomeFromContinuingOperations": "0", "comprehensiveIncomeNetOfTax": "None", "ebit": "-7175000", "ebitda": "-7160000", "netIncome": "18294000"}, {"fiscalDateEnding": "2010-12-31", "reportedCurrency": "USD", "grossProfit": "0", "totalRevenue": "0", "costOfRevenue": "0", "costofGoodsAndServicesSold": "0", "operatingIncome": "-17331000", "sellingGeneralAndAdministrative": "17087000", "researchAndDevelopment": "7449000", "operatingExpenses": "17331000", "investmentIncomeNet": "None", "netInterestIncome": "None", "interestIncome": "None", "interestExpense": "19000", "nonInterestIncome": "None", "otherNonOperatingIncome": "None", "depreciation": "None", "depreciationAndAmortization": "14000", "incomeBeforeTax": "-188455000", "incomeTaxExpense": "-643000", "interestAndDebtExpense": "None", "netIncomeFromContinuingOperations": "0", "comprehensiveIncomeNetOfTax": "None", "ebit": "-222301000", "ebitda": "-222287000", "netIncome": "-187812000"}, {"fiscalDateEnding": "2010-09-30", "reportedCurrency": "USD", "grossProfit": "0", "totalRevenue": "0", "costOfRevenue": "0", "costofGoodsAndServicesSold": "0", "operatingIncome": "-9776000", "sellingGeneralAndAdministrative": "19543000", "researchAndDevelopment": "7642000", "operatingExpenses": "9776000", "investmentIncomeNet": "None", "netInterestIncome": "None", "interestIncome": "None", "interestExpense": "30000", "nonInterestIncome": "None", "otherNonOperatingIncome": "None", "depreciation": "None", "depreciationAndAmortization": "16000", "incomeBeforeTax": "-11101000", "incomeTaxExpense": "108000", "interestAndDebtExpense": "None", "netIncomeFromContinuingOperations": "0", "comprehensiveIncomeNetOfTax": "None", "ebit": "-9776000", "ebitda": "-9760000", "netIncome": "-11209000"}, {"fiscalDateEnding": "2010-06-30", "reportedCurrency": "USD", "grossProfit": "0", "totalRevenue": "0", "costOfRevenue": "0", "costofGoodsAndServicesSold": "0", "operatingIncome": "-10589000", "sellingGeneralAndAdministrative": "19543000", "researchAndDevelopment": "7771000", "operatingExpenses": "10589000", "investmentIncomeNet": "None", "netInterestIncome": "None", "interestIncome": "None", "interestExpense": "61502000", "nonInterestIncome": "None", "otherNonOperatingIncome": "None", "depreciation": "None", "depreciationAndAmortization": "16000", "incomeBeforeTax": "-41340000", "incomeTaxExpense": "17000", "interestAndDebtExpense": "None", "netIncomeFromContinuingOperations": "0", "comprehensiveIncomeNetOfTax": "None", "ebit": "-10589000", "ebitda": "-10573000", "netIncome": "-41357000"}, {"fiscalDateEnding": "2010-03-31", "reportedCurrency": "USD", "grossProfit": "None", "totalRevenue": "None", "costOfRevenue": "None", "costofGoodsAndServicesSold": "None", "operatingIncome": "-7405000", "sellingGeneralAndAdministrative": "None", "researchAndDevelopment": "5152000", "operatingExpenses": "7405000", "investmentIncomeNet": "None", "netInterestIncome": "None", "interestIncome": "None", "interestExpense": "14000", "nonInterestIncome": "None", "otherNonOperatingIncome": "None", "depreciation": "None", "depreciationAndAmortization": "17000", "incomeBeforeTax": "-9194000", "incomeTaxExpense": "17000", "interestAndDebtExpense": "None", "netIncomeFromContinuingOperations": "None", "comprehensiveIncomeNetOfTax": "None", "ebit": "-9180000", "ebitda": "-9163000", "netIncome": "-9211000"}, {"fiscalDateEnding": "2009-12-31", "reportedCurrency": "USD", "grossProfit": "0", "totalRevenue": "0", "costOfRevenue": "0", "costofGoodsAndServicesSold": "0", "operatingIncome": "0", "sellingGeneralAndAdministrative": "14070000", "researchAndDevelopment": "7997000", "operatingExpenses": "0", "investmentIncomeNet": "None", "netInterestIncome": "None", "interestIncome": "None", "interestExpense": "3265000", "nonInterestIncome": "None", "otherNonOperatingIncome": "None", "depreciation": "None", "depreciationAndAmortization": "None", "incomeBeforeTax": "0", "incomeTaxExpense": "0", "interestAndDebtExpense": "None", "netIncomeFromContinuingOperations": "0", "comprehensiveIncomeNetOfTax": "None", "ebit": "0", "ebitda": "None", "netIncome": "0"}, {"fiscalDateEnding": "2009-09-30", "reportedCurrency": "USD", "grossProfit": "0", "totalRevenue": "0", "costOfRevenue": "0", "costofGoodsAndServicesSold": "0", "operatingIncome": "0", "sellingGeneralAndAdministrative": "15019000", "researchAndDevelopment": "9840000", "operatingExpenses": "0", "investmentIncomeNet": "None", "netInterestIncome": "None", "interestIncome": "None", "interestExpense": "732000", "nonInterestIncome": "None", "otherNonOperatingIncome": "None", "depreciation": "None", "depreciationAndAmortization": "None", "incomeBeforeTax": "0", "incomeTaxExpense": "0", "interestAndDebtExpense": "None", "netIncomeFromContinuingOperations": "0", "comprehensiveIncomeNetOfTax": "None", "ebit": "0", "ebitda": "None", "netIncome": "0"}, {"fiscalDateEnding": "2009-06-30", "reportedCurrency": "USD", "grossProfit": "0", "totalRevenue": "0", "costOfRevenue": "0", "costofGoodsAndServicesSold": "0", "operatingIncome": "0", "sellingGeneralAndAdministrative": "15019000", "researchAndDevelopment": "9840000", "operatingExpenses": "0", "investmentIncomeNet": "None", "netInterestIncome": "None", "interestIncome": "None", "interestExpense": "732000", "nonInterestIncome": "None", "otherNonOperatingIncome": "None", "depreciation": "None", "depreciationAndAmortization": "None", "incomeBeforeTax": "0", "incomeTaxExpense": "0", "interestAndDebtExpense": "None", "netIncomeFromContinuingOperations": "0", "comprehensiveIncomeNetOfTax": "None", "ebit": "0", "ebitda": "None", "netIncome": "0"}, {"fiscalDateEnding": "2008-12-31", "reportedCurrency": "USD", "grossProfit": "0", "totalRevenue": "0", "costOfRevenue": "0", "costofGoodsAndServicesSold": "0", "operatingIncome": "0", "sellingGeneralAndAdministrative": "13103000", "researchAndDevelopment": "7821000", "operatingExpenses": "0", "investmentIncomeNet": "None", "netInterestIncome": "None", "interestIncome": "None", "interestExpense": "823000", "nonInterestIncome": "None", "otherNonOperatingIncome": "None", "depreciation": "None", "depreciationAndAmortization": "None", "incomeBeforeTax": "0", "incomeTaxExpense": "0", "interestAndDebtExpense": "None", "netIncomeFromContinuingOperations": "0", "comprehensiveIncomeNetOfTax": "None", "ebit": "0", "ebitda": "None", "netIncome": "0"}, {"fiscalDateEnding": "2008-09-30", "reportedCurrency": "USD", "grossProfit": "0", "totalRevenue": "0", "costOfRevenue": "0", "costofGoodsAndServicesSold": "0", "operatingIncome": "0", "sellingGeneralAndAdministrative": "14459000", "researchAndDevelopment": "2218000", "operatingExpenses": "0", "investmentIncomeNet": "None", "netInterestIncome": "None", "interestIncome": "None", "interestExpense": "0", "nonInterestIncome": "None", "otherNonOperatingIncome": "None", "depreciation": "None", "depreciationAndAmortization": "None", "incomeBeforeTax": "-61000", "incomeTaxExpense": "0", "interestAndDebtExpense": "None", "netIncomeFromContinuingOperations": "0", "comprehensiveIncomeNetOfTax": "None", "ebit": "0", "ebitda": "None", "netIncome": "-255000"}, {"fiscalDateEnding": "2008-06-30", "reportedCurrency": "USD", "grossProfit": "0", "totalRevenue": "0", "costOfRevenue": "0", "costofGoodsAndServicesSold": "0", "operatingIncome": "6749000", "sellingGeneralAndAdministrative": "14459000", "researchAndDevelopment": "2529000", "operatingExpenses": "-6749000", "investmentIncomeNet": "None", "netInterestIncome": "None", "interestIncome": "None", "interestExpense": "6661000", "nonInterestIncome": "None", "otherNonOperatingIncome": "None", "depreciation": "None", "depreciationAndAmortization": "None", "incomeBeforeTax": "-88000", "incomeTaxExpense": "-194000", "interestAndDebtExpense": "None", "netIncomeFromContinuingOperations": "0", "comprehensiveIncomeNetOfTax": "None", "ebit": "0", "ebitda": "6749000", "netIncome": "282000"}, {"fiscalDateEnding": "2008-03-31", "reportedCurrency": "USD", "grossProfit": "7365000", "totalRevenue": "7365000", "costOfRevenue": "0", "costofGoodsAndServicesSold": "0", "operatingIncome": "-7829000", "sellingGeneralAndAdministrative": "0", "researchAndDevelopment": "2604000", "operatingExpenses": "7829000", "investmentIncomeNet": "None", "netInterestIncome": "None", "interestIncome": "None", "interestExpense": "642000", "nonInterestIncome": "None", "otherNonOperatingIncome": "None", "depreciation": "None", "depreciationAndAmortization": "217000", "incomeBeforeTax": "-8471000", "incomeTaxExpense": "-236000", "interestAndDebtExpense": "None", "netIncomeFromContinuingOperations": "0", "comprehensiveIncomeNetOfTax": "None", "ebit": "-7733000", "ebitda": "-7829000", "netIncome": "-8235000"}, {"fiscalDateEnding": "2007-12-31", "reportedCurrency": "USD", "grossProfit": "7365000", "totalRevenue": "7365000", "costOfRevenue": "0", "costofGoodsAndServicesSold": "0", "operatingIncome": "-7733000", "sellingGeneralAndAdministrative": "14490000", "researchAndDevelopment": "3084000", "operatingExpenses": "7733000", "investmentIncomeNet": "None", "netInterestIncome": "None", "interestIncome": "None", "interestExpense": "305000", "nonInterestIncome": "None", "otherNonOperatingIncome": "None", "depreciation": "None", "depreciationAndAmortization": "217000", "incomeBeforeTax": "-8055000", "incomeTaxExpense": "-172000", "interestAndDebtExpense": "None", "netIncomeFromContinuingOperations": "0", "comprehensiveIncomeNetOfTax": "None", "ebit": "-8360000", "ebitda": "-8143000", "netIncome": "-7883000"}, {"fiscalDateEnding": "2007-09-30", "reportedCurrency": "USD", "grossProfit": "0", "totalRevenue": "0", "costOfRevenue": "0", "costofGoodsAndServicesSold": "0", "operatingIncome": "-6890000", "sellingGeneralAndAdministrative": "17073000", "researchAndDevelopment": "2237000", "operatingExpenses": "6890000", "investmentIncomeNet": "None", "netInterestIncome": "None", "interestIncome": "None", "interestExpense": "821000", "nonInterestIncome": "None", "otherNonOperatingIncome": "None", "depreciation": "None", "depreciationAndAmortization": "None", "incomeBeforeTax": "-6069000", "incomeTaxExpense": "-179000", "interestAndDebtExpense": "None", "netIncomeFromContinuingOperations": "0", "comprehensiveIncomeNetOfTax": "None", "ebit": "0", "ebitda": "-6890000", "netIncome": "-5890000"}, {"fiscalDateEnding": "2007-06-30", "reportedCurrency": "USD", "grossProfit": "0", "totalRevenue": "0", "costOfRevenue": "0", "costofGoodsAndServicesSold": "0", "operatingIncome": "-16437000", "sellingGeneralAndAdministrative": "17073000", "researchAndDevelopment": "2995000", "operatingExpenses": "16437000", "investmentIncomeNet": "None", "netInterestIncome": "None", "interestIncome": "None", "interestExpense": "310000", "nonInterestIncome": "None", "otherNonOperatingIncome": "None", "depreciation": "None", "depreciationAndAmortization": "169000", "incomeBeforeTax": "-15789000", "incomeTaxExpense": "169000", "interestAndDebtExpense": "None", "netIncomeFromContinuingOperations": "0", "comprehensiveIncomeNetOfTax": "None", "ebit": "-16437000", "ebitda": "-16268000", "netIncome": "-15958000"}, {"fiscalDateEnding": "2007-03-31", "reportedCurrency": "USD", "grossProfit": "0", "totalRevenue": "0", "costOfRevenue": "0", "costofGoodsAndServicesSold": "0", "operatingIncome": "-9673000", "sellingGeneralAndAdministrative": "0", "researchAndDevelopment": "4378000", "operatingExpenses": "9673000", "investmentIncomeNet": "None", "netInterestIncome": "None", "interestIncome": "None", "interestExpense": "552000", "nonInterestIncome": "None", "otherNonOperatingIncome": "None", "depreciation": "None", "depreciationAndAmortization": "169000", "incomeBeforeTax": "-9121000", "incomeTaxExpense": "-317000", "interestAndDebtExpense": "None", "netIncomeFromContinuingOperations": "0", "comprehensiveIncomeNetOfTax": "None", "ebit": "-9673000", "ebitda": "-9504000", "netIncome": "-8804000"}, {"fiscalDateEnding": "2006-12-31", "reportedCurrency": "USD", "grossProfit": "400000", "totalRevenue": "400000", "costOfRevenue": "0", "costofGoodsAndServicesSold": "0", "operatingIncome": "-8182000", "sellingGeneralAndAdministrative": "16544000", "researchAndDevelopment": "5777000", "operatingExpenses": "8582000", "investmentIncomeNet": "None", "netInterestIncome": "None", "interestIncome": "None", "interestExpense": "3655000", "nonInterestIncome": "None", "otherNonOperatingIncome": "None", "depreciation": "None", "depreciationAndAmortization": "168000", "incomeBeforeTax": "-6627000", "incomeTaxExpense": "-128000", "interestAndDebtExpense": "None", "netIncomeFromContinuingOperations": "0", "comprehensiveIncomeNetOfTax": "None", "ebit": "-8182000", "ebitda": "-8014000", "netIncome": "-6499000"}, {"fiscalDateEnding": "2006-09-30", "reportedCurrency": "USD", "grossProfit": "100000", "totalRevenue": "100000", "costOfRevenue": "0", "costofGoodsAndServicesSold": "0", "operatingIncome": "-7593000", "sellingGeneralAndAdministrative": "3477000", "researchAndDevelopment": "4711000", "operatingExpenses": "8357000", "investmentIncomeNet": "None", "netInterestIncome": "None", "interestIncome": "None", "interestExpense": "884000", "nonInterestIncome": "None", "otherNonOperatingIncome": "None", "depreciation": "None", "depreciationAndAmortization": "169000", "incomeBeforeTax": "-6754000", "incomeTaxExpense": "-118000", "interestAndDebtExpense": "None", "netIncomeFromContinuingOperations": "0", "comprehensiveIncomeNetOfTax": "None", "ebit": "-7593000", "ebitda": "-7424000", "netIncome": "-6636000"}, {"fiscalDateEnding": "2006-06-30", "reportedCurrency": "USD", "grossProfit": "100000", "totalRevenue": "100000", "costOfRevenue": "0", "costofGoodsAndServicesSold": "0", "operatingIncome": "-7945000", "sellingGeneralAndAdministrative": "7753000", "researchAndDevelopment": "3800000", "operatingExpenses": "7945000", "investmentIncomeNet": "None", "netInterestIncome": "None", "interestIncome": "None", "interestExpense": "970000", "nonInterestIncome": "None", "otherNonOperatingIncome": "None", "depreciation": "None", "depreciationAndAmortization": "168000", "incomeBeforeTax": "-6975000", "incomeTaxExpense": "-163000", "interestAndDebtExpense": "None", "netIncomeFromContinuingOperations": "0", "comprehensiveIncomeNetOfTax": "None", "ebit": "-7945000", "ebitda": "-7777000", "netIncome": "-6812000"}, {"fiscalDateEnding": "2006-03-31", "reportedCurrency": "USD", "grossProfit": "0", "totalRevenue": "0", "costOfRevenue": "0", "costofGoodsAndServicesSold": "0", "operatingIncome": "-6777000", "sellingGeneralAndAdministrative": "6038000", "researchAndDevelopment": "2898000", "operatingExpenses": "6246000", "investmentIncomeNet": "None", "netInterestIncome": "None", "interestIncome": "None", "interestExpense": "1029000", "nonInterestIncome": "None", "otherNonOperatingIncome": "None", "depreciation": "None", "depreciationAndAmortization": "169000", "incomeBeforeTax": "-6744000", "incomeTaxExpense": "-390000", "interestAndDebtExpense": "None", "netIncomeFromContinuingOperations": "0", "comprehensiveIncomeNetOfTax": "None", "ebit": "-6246000", "ebitda": "-6077000", "netIncome": "-6354000"}, {"fiscalDateEnding": "2005-12-31", "reportedCurrency": "USD", "grossProfit": "250000", "totalRevenue": "250000", "costOfRevenue": "0", "costofGoodsAndServicesSold": "0", "operatingIncome": "-18506000", "sellingGeneralAndAdministrative": "5537000", "researchAndDevelopment": "2608000", "operatingExpenses": "-18756000", "investmentIncomeNet": "None", "netInterestIncome": "None", "interestIncome": "None", "interestExpense": "39000", "nonInterestIncome": "None", "otherNonOperatingIncome": "None", "depreciation": "None", "depreciationAndAmortization": "None", "incomeBeforeTax": "0", "incomeTaxExpense": "-13618000", "interestAndDebtExpense": "None", "netIncomeFromContinuingOperations": "0", "comprehensiveIncomeNetOfTax": "None", "ebit": "0", "ebitda": "-18506000", "netIncome": "-4888000"}, {"fiscalDateEnding": "2005-09-30", "reportedCurrency": "USD", "grossProfit": "250000", "totalRevenue": "250000", "costOfRevenue": "0", "costofGoodsAndServicesSold": "0", "operatingIncome": "250000", "sellingGeneralAndAdministrative": "4857000", "researchAndDevelopment": "2172000", "operatingExpenses": "250000", "investmentIncomeNet": "None", "netInterestIncome": "None", "interestIncome": "None", "interestExpense": "99000", "nonInterestIncome": "None", "otherNonOperatingIncome": "None", "depreciation": "None", "depreciationAndAmortization": "None", "incomeBeforeTax": "0", "incomeTaxExpense": "5139000", "interestAndDebtExpense": "None", "netIncomeFromContinuingOperations": "0", "comprehensiveIncomeNetOfTax": "None", "ebit": "0", "ebitda": "250000", "netIncome": "-4889000"}, {"fiscalDateEnding": "2005-06-30", "reportedCurrency": "USD", "grossProfit": "0", "totalRevenue": "0", "costOfRevenue": "0", "costofGoodsAndServicesSold": "0", "operatingIncome": "-6252000", "sellingGeneralAndAdministrative": "6053000", "researchAndDevelopment": "1931000", "operatingExpenses": "5670000", "investmentIncomeNet": "None", "netInterestIncome": "None", "interestIncome": "None", "interestExpense": "1015000", "nonInterestIncome": "None", "otherNonOperatingIncome": "None", "depreciation": "None", "depreciationAndAmortization": "169000", "incomeBeforeTax": "-6378000", "incomeTaxExpense": "-190000", "interestAndDebtExpense": "None", "netIncomeFromContinuingOperations": "0", "comprehensiveIncomeNetOfTax": "None", "ebit": "-6252000", "ebitda": "-6083000", "netIncome": "-6114000"}]}