{"symbol": "ABEO", "annualReports": [{"fiscalDateEnding": "2024-12-31", "reportedCurrency": "USD", "grossProfit": "-2907000", "totalRevenue": "0", "costOfRevenue": "2907000", "costofGoodsAndServicesSold": "2907000", "operatingIncome": "-64211000", "sellingGeneralAndAdministrative": "29851000", "researchAndDevelopment": "34360000", "operatingExpenses": "61304000", "investmentIncomeNet": "None", "netInterestIncome": "38000", "interestIncome": "4246000", "interestExpense": "4208000", "nonInterestIncome": "None", "otherNonOperatingIncome": "None", "depreciation": "None", "depreciationAndAmortization": "2907000", "incomeBeforeTax": "-63734000", "incomeTaxExpense": "None", "interestAndDebtExpense": "None", "netIncomeFromContinuingOperations": "-63734000", "comprehensiveIncomeNetOfTax": "None", "ebit": "-59526000", "ebitda": "-56619000", "netIncome": "-63734000"}, {"fiscalDateEnding": "2023-12-31", "reportedCurrency": "USD", "grossProfit": "1895000", "totalRevenue": "3500000", "costOfRevenue": "1605000", "costofGoodsAndServicesSold": "1605000", "operatingIncome": "-47135000", "sellingGeneralAndAdministrative": "19004000", "researchAndDevelopment": "31091000", "operatingExpenses": "49030000", "investmentIncomeNet": "None", "netInterestIncome": "1699000", "interestIncome": "2117000", "interestExpense": "418000", "nonInterestIncome": "None", "otherNonOperatingIncome": "None", "depreciation": "None", "depreciationAndAmortization": "3198000", "incomeBeforeTax": "-54188000", "incomeTaxExpense": "3030105", "interestAndDebtExpense": "None", "netIncomeFromContinuingOperations": "-54188000", "comprehensiveIncomeNetOfTax": "None", "ebit": "-53770000", "ebitda": "-50572000", "netIncome": "-54188000"}, {"fiscalDateEnding": "2022-12-31", "reportedCurrency": "USD", "grossProfit": "964000", "totalRevenue": "1414000", "costOfRevenue": "450000", "costofGoodsAndServicesSold": "450000", "operatingIncome": "-50915000", "sellingGeneralAndAdministrative": "17256000", "researchAndDevelopment": "28965000", "operatingExpenses": "51879000", "investmentIncomeNet": "None", "netInterestIncome": "-305000", "interestIncome": "431000", "interestExpense": "736000", "nonInterestIncome": "None", "otherNonOperatingIncome": "None", "depreciation": "None", "depreciationAndAmortization": "4577000", "incomeBeforeTax": "-39696000", "incomeTaxExpense": "-7887000", "interestAndDebtExpense": "None", "netIncomeFromContinuingOperations": "-39696000", "comprehensiveIncomeNetOfTax": "None", "ebit": "-38960000", "ebitda": "-34383000", "netIncome": "-39696000"}, {"fiscalDateEnding": "2021-12-31", "reportedCurrency": "USD", "grossProfit": "3000000", "totalRevenue": "3000000", "costOfRevenue": "38726000", "costofGoodsAndServicesSold": "38726000", "operatingIncome": "-89836000", "sellingGeneralAndAdministrative": "21644000", "researchAndDevelopment": "38726000", "operatingExpenses": "92836000", "investmentIncomeNet": "None", "netInterestIncome": "-3601000", "interestIncome": "69000", "interestExpense": "3656000", "nonInterestIncome": "None", "otherNonOperatingIncome": "None", "depreciation": "None", "depreciationAndAmortization": "4464000", "incomeBeforeTax": "-84936000", "incomeTaxExpense": "3670000", "interestAndDebtExpense": "None", "netIncomeFromContinuingOperations": "-84936000", "comprehensiveIncomeNetOfTax": "None", "ebit": "-81280000", "ebitda": "-76816000", "netIncome": "-84936000"}, {"fiscalDateEnding": "2020-12-31", "reportedCurrency": "USD", "grossProfit": "10000000", "totalRevenue": "10000000", "costOfRevenue": "30139000", "costofGoodsAndServicesSold": "30139000", "operatingIncome": "-81420000", "sellingGeneralAndAdministrative": "23779000", "researchAndDevelopment": "30139000", "operatingExpenses": "91420000", "investmentIncomeNet": "None", "netInterestIncome": "-2814000", "interestIncome": "1301000", "interestExpense": "4115000", "nonInterestIncome": "None", "otherNonOperatingIncome": "None", "depreciation": "None", "depreciationAndAmortization": "5601000", "incomeBeforeTax": "-84234000", "incomeTaxExpense": "4115000", "interestAndDebtExpense": "None", "netIncomeFromContinuingOperations": "-84234000", "comprehensiveIncomeNetOfTax": "None", "ebit": "-80119000", "ebitda": "-74518000", "netIncome": "-84234000"}, {"fiscalDateEnding": "2019-12-31", "reportedCurrency": "USD", "grossProfit": "-48566000", "totalRevenue": "0", "costOfRevenue": "48566000", "costofGoodsAndServicesSold": "48566000", "operatingIncome": "-77090000", "sellingGeneralAndAdministrative": "20705000", "researchAndDevelopment": "53766000", "operatingExpenses": "28524000", "investmentIncomeNet": "None", "netInterestIncome": "808000", "interestIncome": "1208000", "interestExpense": "400000", "nonInterestIncome": "None", "otherNonOperatingIncome": "None", "depreciation": "None", "depreciationAndAmortization": "7819000", "incomeBeforeTax": "-76282000", "incomeTaxExpense": "400000", "interestAndDebtExpense": "None", "netIncomeFromContinuingOperations": "-77490000", "comprehensiveIncomeNetOfTax": "None", "ebit": "-77090000", "ebitda": "-69271000", "netIncome": "-76282000"}, {"fiscalDateEnding": "2018-12-31", "reportedCurrency": "USD", "grossProfit": "-35700000", "totalRevenue": "2998000", "costOfRevenue": "38698000", "costofGoodsAndServicesSold": "38698000", "operatingIncome": "-58166000", "sellingGeneralAndAdministrative": "20106000", "researchAndDevelopment": "38698000", "operatingExpenses": "61164000", "investmentIncomeNet": "None", "netInterestIncome": "1495000", "interestIncome": "1506000", "interestExpense": "11000", "nonInterestIncome": "None", "otherNonOperatingIncome": "1506000", "depreciation": "None", "depreciationAndAmortization": "2360000", "incomeBeforeTax": "-56671000", "incomeTaxExpense": "1506000", "interestAndDebtExpense": "None", "netIncomeFromContinuingOperations": "-56671000", "comprehensiveIncomeNetOfTax": "None", "ebit": "-56671000", "ebitda": "-54311000", "netIncome": "-56671000"}, {"fiscalDateEnding": "2017-12-31", "reportedCurrency": "USD", "grossProfit": "-16152000", "totalRevenue": "837000", "costOfRevenue": "16989000", "costofGoodsAndServicesSold": "16989000", "operatingIncome": "-27836000", "sellingGeneralAndAdministrative": "10943000", "researchAndDevelopment": "16989000", "operatingExpenses": "28673000", "investmentIncomeNet": "None", "netInterestIncome": "517000", "interestIncome": "525000", "interestExpense": "8000", "nonInterestIncome": "None", "otherNonOperatingIncome": "525000", "depreciation": "None", "depreciationAndAmortization": "741000", "incomeBeforeTax": "-27319000", "incomeTaxExpense": "525000", "interestAndDebtExpense": "None", "netIncomeFromContinuingOperations": "-27319000", "comprehensiveIncomeNetOfTax": "None", "ebit": "-27319000", "ebitda": "-26578000", "netIncome": "-27319000"}, {"fiscalDateEnding": "2016-12-31", "reportedCurrency": "USD", "grossProfit": "-9766000", "totalRevenue": "889000", "costOfRevenue": "10655000", "costofGoodsAndServicesSold": "10655000", "operatingIncome": "-23881000", "sellingGeneralAndAdministrative": "13290000", "researchAndDevelopment": "10655000", "operatingExpenses": "24770000", "investmentIncomeNet": "None", "netInterestIncome": "2008000", "interestIncome": "2014000", "interestExpense": "6000", "nonInterestIncome": "None", "otherNonOperatingIncome": "2014000", "depreciation": "None", "depreciationAndAmortization": "825000", "incomeBeforeTax": "-21873000", "incomeTaxExpense": "2014000", "interestAndDebtExpense": "None", "netIncomeFromContinuingOperations": "-21873000", "comprehensiveIncomeNetOfTax": "None", "ebit": "-21873000", "ebitda": "-21048000", "netIncome": "-21873000"}, {"fiscalDateEnding": "2015-12-31", "reportedCurrency": "USD", "grossProfit": "1040000", "totalRevenue": "1040000", "costOfRevenue": "19035000", "costofGoodsAndServicesSold": "19035000", "operatingIncome": "-18546000", "sellingGeneralAndAdministrative": "14320000", "researchAndDevelopment": "4715000", "operatingExpenses": "19586000", "investmentIncomeNet": "None", "netInterestIncome": "None", "interestIncome": "4020000", "interestExpense": "6000", "nonInterestIncome": "None", "otherNonOperatingIncome": "4026000", "depreciation": "None", "depreciationAndAmortization": "551000", "incomeBeforeTax": "-14526000", "incomeTaxExpense": "4026000", "interestAndDebtExpense": "None", "netIncomeFromContinuingOperations": "-14526000", "comprehensiveIncomeNetOfTax": "None", "ebit": "-14520000", "ebitda": "-13969000", "netIncome": "-14526000"}, {"fiscalDateEnding": "2014-12-31", "reportedCurrency": "USD", "grossProfit": "925000", "totalRevenue": "925000", "costOfRevenue": "11000", "costofGoodsAndServicesSold": "11000", "operatingIncome": "-3131000", "sellingGeneralAndAdministrative": "3712000", "researchAndDevelopment": "333000", "operatingExpenses": "4056000", "investmentIncomeNet": "None", "netInterestIncome": "None", "interestIncome": "None", "interestExpense": "582000", "nonInterestIncome": "None", "otherNonOperatingIncome": "-23065000", "depreciation": "None", "depreciationAndAmortization": "11000", "incomeBeforeTax": "-26778000", "incomeTaxExpense": "582000", "interestAndDebtExpense": "None", "netIncomeFromContinuingOperations": "-26778000", "comprehensiveIncomeNetOfTax": "None", "ebit": "-26196000", "ebitda": "-26185000", "netIncome": "-26778000"}, {"fiscalDateEnding": "2013-12-31", "reportedCurrency": "USD", "grossProfit": "1917000", "totalRevenue": "2042000", "costOfRevenue": "125000", "costofGoodsAndServicesSold": "125000", "operatingIncome": "-3804000", "sellingGeneralAndAdministrative": "4834000", "researchAndDevelopment": "884000", "operatingExpenses": "5721000", "investmentIncomeNet": "None", "netInterestIncome": "None", "interestIncome": "None", "interestExpense": "279000", "nonInterestIncome": "None", "otherNonOperatingIncome": "8532000", "depreciation": "None", "depreciationAndAmortization": "3000", "incomeBeforeTax": "4449000", "incomeTaxExpense": "279000", "interestAndDebtExpense": "None", "netIncomeFromContinuingOperations": "4449000", "comprehensiveIncomeNetOfTax": "None", "ebit": "4728000", "ebitda": "4731000", "netIncome": "4449000"}, {"fiscalDateEnding": "2012-12-31", "reportedCurrency": "USD", "grossProfit": "4137000", "totalRevenue": "4404000", "costOfRevenue": "267000", "costofGoodsAndServicesSold": "267000", "operatingIncome": "-4316000", "sellingGeneralAndAdministrative": "6024000", "researchAndDevelopment": "2010000", "operatingExpenses": "8453000", "investmentIncomeNet": "None", "netInterestIncome": "None", "interestIncome": "None", "interestExpense": "608000", "nonInterestIncome": "None", "otherNonOperatingIncome": "None", "depreciation": "None", "depreciationAndAmortization": "419000", "incomeBeforeTax": "-10532000", "incomeTaxExpense": "608000", "interestAndDebtExpense": "None", "netIncomeFromContinuingOperations": "None", "comprehensiveIncomeNetOfTax": "None", "ebit": "-9924000", "ebitda": "-9505000", "netIncome": "-10532000"}, {"fiscalDateEnding": "2011-12-31", "reportedCurrency": "USD", "grossProfit": "632000", "totalRevenue": "1848000", "costOfRevenue": "1216000", "costofGoodsAndServicesSold": "1216000", "operatingIncome": "-7876000", "sellingGeneralAndAdministrative": "583000", "researchAndDevelopment": "3579000", "operatingExpenses": "8275000", "investmentIncomeNet": "None", "netInterestIncome": "None", "interestIncome": "None", "interestExpense": "963000", "nonInterestIncome": "None", "otherNonOperatingIncome": "None", "depreciation": "None", "depreciationAndAmortization": "233000", "incomeBeforeTax": "-2515000", "incomeTaxExpense": "17000", "interestAndDebtExpense": "None", "netIncomeFromContinuingOperations": "None", "comprehensiveIncomeNetOfTax": "None", "ebit": "-2515000", "ebitda": "-2282000", "netIncome": "-2532000"}, {"fiscalDateEnding": "2010-12-31", "reportedCurrency": "USD", "grossProfit": "341000", "totalRevenue": "481000", "costOfRevenue": "140000", "costofGoodsAndServicesSold": "140000", "operatingIncome": "-7757000", "sellingGeneralAndAdministrative": "4511000", "researchAndDevelopment": "3349000", "operatingExpenses": "7860000", "investmentIncomeNet": "None", "netInterestIncome": "None", "interestIncome": "None", "interestExpense": "607000", "nonInterestIncome": "None", "otherNonOperatingIncome": "None", "depreciation": "None", "depreciationAndAmortization": "238000", "incomeBeforeTax": "-7537000", "incomeTaxExpense": "-220000", "interestAndDebtExpense": "None", "netIncomeFromContinuingOperations": "None", "comprehensiveIncomeNetOfTax": "None", "ebit": "-6930000", "ebitda": "-6692000", "netIncome": "-7537000"}, {"fiscalDateEnding": "2009-12-31", "reportedCurrency": "USD", "grossProfit": "352000", "totalRevenue": "352000", "costOfRevenue": "9769000", "costofGoodsAndServicesSold": "9769000", "operatingIncome": "-9676000", "sellingGeneralAndAdministrative": "7112000", "researchAndDevelopment": "2657000", "operatingExpenses": "10028000", "investmentIncomeNet": "None", "netInterestIncome": "None", "interestIncome": "None", "interestExpense": "539000", "nonInterestIncome": "None", "otherNonOperatingIncome": "None", "depreciation": "None", "depreciationAndAmortization": "259000", "incomeBeforeTax": "-16830000", "incomeTaxExpense": "7664000", "interestAndDebtExpense": "None", "netIncomeFromContinuingOperations": "None", "comprehensiveIncomeNetOfTax": "None", "ebit": "-9676000", "ebitda": "-9417000", "netIncome": "-17340000"}, {"fiscalDateEnding": "2008-12-31", "reportedCurrency": "USD", "grossProfit": "291000", "totalRevenue": "291000", "costOfRevenue": "8074000", "costofGoodsAndServicesSold": "8074000", "operatingIncome": "-16915000", "sellingGeneralAndAdministrative": "4340000", "researchAndDevelopment": "12613000", "operatingExpenses": "17206000", "investmentIncomeNet": "None", "netInterestIncome": "None", "interestIncome": "None", "interestExpense": "911000", "nonInterestIncome": "None", "otherNonOperatingIncome": "None", "depreciation": "None", "depreciationAndAmortization": "317000", "incomeBeforeTax": "-17215000", "incomeTaxExpense": "178000", "interestAndDebtExpense": "None", "netIncomeFromContinuingOperations": "None", "comprehensiveIncomeNetOfTax": "None", "ebit": "-30724000", "ebitda": "-30407000", "netIncome": "-31431000"}, {"fiscalDateEnding": "2007-12-31", "reportedCurrency": "USD", "grossProfit": "57000", "totalRevenue": "57000", "costOfRevenue": "6678000", "costofGoodsAndServicesSold": "6678000", "operatingIncome": "-6900000", "sellingGeneralAndAdministrative": "957000", "researchAndDevelopment": "2602000", "operatingExpenses": "6957000", "investmentIncomeNet": "None", "netInterestIncome": "None", "interestIncome": "None", "interestExpense": "3514000", "nonInterestIncome": "None", "otherNonOperatingIncome": "None", "depreciation": "None", "depreciationAndAmortization": "279000", "incomeBeforeTax": "-21917000", "incomeTaxExpense": "-61000", "interestAndDebtExpense": "None", "netIncomeFromContinuingOperations": "None", "comprehensiveIncomeNetOfTax": "None", "ebit": "-18403000", "ebitda": "-18124000", "netIncome": "-21744000"}, {"fiscalDateEnding": "2006-12-31", "reportedCurrency": "USD", "grossProfit": "550000000", "totalRevenue": "550000000", "costOfRevenue": "None", "costofGoodsAndServicesSold": "None", "operatingIncome": "-5175000", "sellingGeneralAndAdministrative": "2813000", "researchAndDevelopment": "2053000", "operatingExpenses": "4866000", "investmentIncomeNet": "None", "netInterestIncome": "None", "interestIncome": "None", "interestExpense": "7436000", "nonInterestIncome": "None", "otherNonOperatingIncome": "None", "depreciation": "None", "depreciationAndAmortization": "7058000", "incomeBeforeTax": "-13424000", "incomeTaxExpense": "-173000", "interestAndDebtExpense": "None", "netIncomeFromContinuingOperations": "None", "comprehensiveIncomeNetOfTax": "None", "ebit": "-4068000", "ebitda": "2990000", "netIncome": "-12874000"}, {"fiscalDateEnding": "2005-12-31", "reportedCurrency": "USD", "grossProfit": "-9622000", "totalRevenue": "None", "costOfRevenue": "None", "costofGoodsAndServicesSold": "None", "operatingIncome": "-9622000", "sellingGeneralAndAdministrative": "4638000000", "researchAndDevelopment": "2783000", "operatingExpenses": "7184000", "investmentIncomeNet": "None", "netInterestIncome": "None", "interestIncome": "None", "interestExpense": "2100000", "nonInterestIncome": "None", "otherNonOperatingIncome": "None", "depreciation": "None", "depreciationAndAmortization": "1574000", "incomeBeforeTax": "-11622000", "incomeTaxExpense": "-4067000", "interestAndDebtExpense": "None", "netIncomeFromContinuingOperations": "None", "comprehensiveIncomeNetOfTax": "None", "ebit": "-9129000", "ebitda": "-7555000", "netIncome": "-1700000"}], "quarterlyReports": [{"fiscalDateEnding": "2025-09-30", "reportedCurrency": "USD", "grossProfit": "-488000", "totalRevenue": "0", "costOfRevenue": "488000", "costofGoodsAndServicesSold": "488000", "operatingIncome": "-24018000", "sellingGeneralAndAdministrative": "19314000", "researchAndDevelopment": "4216000", "operatingExpenses": "23530000", "investmentIncomeNet": "None", "netInterestIncome": "771000", "interestIncome": "1672000", "interestExpense": "901000", "nonInterestIncome": "None", "otherNonOperatingIncome": "None", "depreciation": "None", "depreciationAndAmortization": "888000", "incomeBeforeTax": "-20358000", "incomeTaxExpense": "-15197000", "interestAndDebtExpense": "None", "netIncomeFromContinuingOperations": "-5161000", "comprehensiveIncomeNetOfTax": "None", "ebit": "-19457000", "ebitda": "-18569000", "netIncome": "-5161000"}, {"fiscalDateEnding": "2025-06-30", "reportedCurrency": "USD", "grossProfit": "300000", "totalRevenue": "400000", "costOfRevenue": "100000", "costofGoodsAndServicesSold": "100000", "operatingIncome": "-22792000", "sellingGeneralAndAdministrative": "17149000", "researchAndDevelopment": "5943000", "operatingExpenses": "23092000", "investmentIncomeNet": "None", "netInterestIncome": "70000", "interestIncome": "1027000", "interestExpense": "957000", "nonInterestIncome": "None", "otherNonOperatingIncome": "None", "depreciation": "None", "depreciationAndAmortization": "768000", "incomeBeforeTax": "124345000", "incomeTaxExpense": "15512000", "interestAndDebtExpense": "None", "netIncomeFromContinuingOperations": "108833000", "comprehensiveIncomeNetOfTax": "None", "ebit": "125302000", "ebitda": "126070000", "netIncome": "108833000"}, {"fiscalDateEnding": "2025-03-31", "reportedCurrency": "USD", "grossProfit": "-815000", "totalRevenue": "0", "costOfRevenue": "815000", "costofGoodsAndServicesSold": "815000", "operatingIncome": "-19727000", "sellingGeneralAndAdministrative": "9786000", "researchAndDevelopment": "9941000", "operatingExpenses": "19727000", "investmentIncomeNet": "None", "netInterestIncome": "312000", "interestIncome": "1310000", "interestExpense": "998000", "nonInterestIncome": "None", "otherNonOperatingIncome": "None", "depreciation": "None", "depreciationAndAmortization": "815000", "incomeBeforeTax": "-12029000", "incomeTaxExpense": "None", "interestAndDebtExpense": "None", "netIncomeFromContinuingOperations": "-12029000", "comprehensiveIncomeNetOfTax": "None", "ebit": "-11031000", "ebitda": "-10216000", "netIncome": "-12029000"}, {"fiscalDateEnding": "2024-12-31", "reportedCurrency": "USD", "grossProfit": "-776000", "totalRevenue": "4782000", "costOfRevenue": "776000", "costofGoodsAndServicesSold": "776000", "operatingIncome": "-16672000", "sellingGeneralAndAdministrative": "7678000", "researchAndDevelopment": "8994000", "operatingExpenses": "15896000", "investmentIncomeNet": "None", "netInterestIncome": "-59000", "interestIncome": "1023000", "interestExpense": "1082000", "nonInterestIncome": "None", "otherNonOperatingIncome": "None", "depreciation": "None", "depreciationAndAmortization": "776000", "incomeBeforeTax": "-9293000", "incomeTaxExpense": "-680724", "interestAndDebtExpense": "None", "netIncomeFromContinuingOperations": "-9293000", "comprehensiveIncomeNetOfTax": "None", "ebit": "-8213000", "ebitda": "-7437000", "netIncome": "-9293000"}, {"fiscalDateEnding": "2024-09-30", "reportedCurrency": "USD", "grossProfit": "-722000", "totalRevenue": "0", "costOfRevenue": "722000", "costofGoodsAndServicesSold": "722000", "operatingIncome": "-15345000", "sellingGeneralAndAdministrative": "6404000", "researchAndDevelopment": "8941000", "operatingExpenses": "15345000", "investmentIncomeNet": "None", "netInterestIncome": "87000", "interestIncome": "1189000", "interestExpense": "1102000", "nonInterestIncome": "None", "otherNonOperatingIncome": "None", "depreciation": "None", "depreciationAndAmortization": "722000", "incomeBeforeTax": "-30269000", "incomeTaxExpense": "None", "interestAndDebtExpense": "None", "netIncomeFromContinuingOperations": "-30269000", "comprehensiveIncomeNetOfTax": "None", "ebit": "-29167000", "ebitda": "-28445000", "netIncome": "-30269000"}, {"fiscalDateEnding": "2024-06-30", "reportedCurrency": "USD", "grossProfit": "-224000", "totalRevenue": "0", "costOfRevenue": "1667000", "costofGoodsAndServicesSold": "1667000", "operatingIncome": "-17864000", "sellingGeneralAndAdministrative": "8646000", "researchAndDevelopment": "9218000", "operatingExpenses": "17864000", "investmentIncomeNet": "None", "netInterestIncome": "119000", "interestIncome": "1191000", "interestExpense": "1072000", "nonInterestIncome": "None", "otherNonOperatingIncome": "None", "depreciation": "None", "depreciationAndAmortization": "685000", "incomeBeforeTax": "7406000", "incomeTaxExpense": "-1667000", "interestAndDebtExpense": "None", "netIncomeFromContinuingOperations": "7406000", "comprehensiveIncomeNetOfTax": "None", "ebit": "8478000", "ebitda": "9163000", "netIncome": "7406000"}, {"fiscalDateEnding": "2024-03-31", "reportedCurrency": "USD", "grossProfit": "-724000", "totalRevenue": "0", "costOfRevenue": "724000", "costofGoodsAndServicesSold": "724000", "operatingIncome": "-14330000", "sellingGeneralAndAdministrative": "7123000", "researchAndDevelopment": "7207000", "operatingExpenses": "14330000", "investmentIncomeNet": "None", "netInterestIncome": "-109000", "interestIncome": "843000", "interestExpense": "952000", "nonInterestIncome": "None", "otherNonOperatingIncome": "None", "depreciation": "None", "depreciationAndAmortization": "724000", "incomeBeforeTax": "-31578000", "incomeTaxExpense": "680724", "interestAndDebtExpense": "None", "netIncomeFromContinuingOperations": "-31578000", "comprehensiveIncomeNetOfTax": "None", "ebit": "-30626000", "ebitda": "-29902000", "netIncome": "-31578000"}, {"fiscalDateEnding": "2023-12-31", "reportedCurrency": "USD", "grossProfit": "-721000", "totalRevenue": "2824000", "costOfRevenue": "721000", "costofGoodsAndServicesSold": "721000", "operatingIncome": "-13209000", "sellingGeneralAndAdministrative": "5830000", "researchAndDevelopment": "7379000", "operatingExpenses": "12488000", "investmentIncomeNet": "None", "netInterestIncome": "634000", "interestIncome": "743000", "interestExpense": "109000", "nonInterestIncome": "None", "otherNonOperatingIncome": "None", "depreciation": "None", "depreciationAndAmortization": "721000", "incomeBeforeTax": "-16591000", "incomeTaxExpense": "677188", "interestAndDebtExpense": "None", "netIncomeFromContinuingOperations": "-16591000", "comprehensiveIncomeNetOfTax": "None", "ebit": "-16482000", "ebitda": "-15761000", "netIncome": "-16591000"}, {"fiscalDateEnding": "2023-09-30", "reportedCurrency": "USD", "grossProfit": "-30000", "totalRevenue": "0", "costOfRevenue": "30000", "costofGoodsAndServicesSold": "30000", "operatingIncome": "-11334000", "sellingGeneralAndAdministrative": "4156000", "researchAndDevelopment": "7148000", "operatingExpenses": "11304000", "investmentIncomeNet": "None", "netInterestIncome": "488000", "interestIncome": "593000", "interestExpense": "105000", "nonInterestIncome": "None", "otherNonOperatingIncome": "None", "depreciation": "None", "depreciationAndAmortization": "751000", "incomeBeforeTax": "-11836000", "incomeTaxExpense": "790586", "interestAndDebtExpense": "None", "netIncomeFromContinuingOperations": "-10735000", "comprehensiveIncomeNetOfTax": "None", "ebit": "-11731000", "ebitda": "-10980000", "netIncome": "-11836000"}, {"fiscalDateEnding": "2023-06-30", "reportedCurrency": "USD", "grossProfit": "1925000", "totalRevenue": "3500000", "costOfRevenue": "1575000", "costofGoodsAndServicesSold": "1575000", "operatingIncome": "-10554000", "sellingGeneralAndAdministrative": "5021000", "researchAndDevelopment": "8523000", "operatingExpenses": "12479000", "investmentIncomeNet": "None", "netInterestIncome": "314000", "interestIncome": "417000", "interestExpense": "103000", "nonInterestIncome": "None", "otherNonOperatingIncome": "-5997000", "depreciation": "None", "depreciationAndAmortization": "838000", "incomeBeforeTax": "-16654000", "incomeTaxExpense": "715915", "interestAndDebtExpense": "None", "netIncomeFromContinuingOperations": "-16654000", "comprehensiveIncomeNetOfTax": "None", "ebit": "-16551000", "ebitda": "-15713000", "netIncome": "-16654000"}, {"fiscalDateEnding": "2023-03-31", "reportedCurrency": "USD", "grossProfit": "-8041000", "totalRevenue": "68000", "costOfRevenue": "888000", "costofGoodsAndServicesSold": "888000", "operatingIncome": "-12038000", "sellingGeneralAndAdministrative": "3997000", "researchAndDevelopment": "8041000", "operatingExpenses": "12038000", "investmentIncomeNet": "None", "netInterestIncome": "263000", "interestIncome": "364000", "interestExpense": "101000", "nonInterestIncome": "None", "otherNonOperatingIncome": "2629000", "depreciation": "None", "depreciationAndAmortization": "888000", "incomeBeforeTax": "-9107000", "incomeTaxExpense": "846416", "interestAndDebtExpense": "None", "netIncomeFromContinuingOperations": "-9510000", "comprehensiveIncomeNetOfTax": "None", "ebit": "-9006000", "ebitda": "-8118000", "netIncome": "-9107000"}, {"fiscalDateEnding": "2022-12-31", "reportedCurrency": "USD", "grossProfit": "-6304000", "totalRevenue": "68000", "costOfRevenue": "6372000", "costofGoodsAndServicesSold": "6372000", "operatingIncome": "-12936000", "sellingGeneralAndAdministrative": "5682000", "researchAndDevelopment": "6272000", "operatingExpenses": "6632000", "investmentIncomeNet": "None", "netInterestIncome": "150000", "interestIncome": "328000", "interestExpense": "178000", "nonInterestIncome": "None", "otherNonOperatingIncome": "None", "depreciation": "None", "depreciationAndAmortization": "729000", "incomeBeforeTax": "-7121000", "incomeTaxExpense": "-7541000", "interestAndDebtExpense": "None", "netIncomeFromContinuingOperations": "-1126000", "comprehensiveIncomeNetOfTax": "None", "ebit": "-11986000", "ebitda": "-11257000", "netIncome": "-7121000"}, {"fiscalDateEnding": "2022-09-30", "reportedCurrency": "USD", "grossProfit": "-1085000", "totalRevenue": "0", "costOfRevenue": "1085000", "costofGoodsAndServicesSold": "1085000", "operatingIncome": "-9380000", "sellingGeneralAndAdministrative": "3890000", "researchAndDevelopment": "5490000", "operatingExpenses": "9380000", "investmentIncomeNet": "None", "netInterestIncome": "-85000", "interestIncome": "72000", "interestExpense": "157000", "nonInterestIncome": "None", "otherNonOperatingIncome": "72000", "depreciation": "None", "depreciationAndAmortization": "1085000", "incomeBeforeTax": "-9484000", "incomeTaxExpense": "138000", "interestAndDebtExpense": "None", "netIncomeFromContinuingOperations": "-9484000", "comprehensiveIncomeNetOfTax": "None", "ebit": "-9327000", "ebitda": "-8242000", "netIncome": "-9484000"}, {"fiscalDateEnding": "2022-06-30", "reportedCurrency": "USD", "grossProfit": "-6008000", "totalRevenue": "1000000", "costOfRevenue": "7008000", "costofGoodsAndServicesSold": "7008000", "operatingIncome": "-8007999", "sellingGeneralAndAdministrative": "3460000", "researchAndDevelopment": "6658000", "operatingExpenses": "1999999", "investmentIncomeNet": "None", "netInterestIncome": "-287000", "interestIncome": "30000", "interestExpense": "200000", "nonInterestIncome": "None", "otherNonOperatingIncome": "None", "depreciation": "None", "depreciationAndAmortization": "773000", "incomeBeforeTax": "-4097000", "incomeTaxExpense": "-1173000", "interestAndDebtExpense": "None", "netIncomeFromContinuingOperations": "-8295000", "comprehensiveIncomeNetOfTax": "None", "ebit": "-9468000", "ebitda": "-8695000", "netIncome": "-4097000"}, {"fiscalDateEnding": "2022-03-31", "reportedCurrency": "USD", "grossProfit": "-10199000", "totalRevenue": "346000", "costOfRevenue": "10545000", "costofGoodsAndServicesSold": "10545000", "operatingIncome": "-20591000", "sellingGeneralAndAdministrative": "4224000", "researchAndDevelopment": "11929000", "operatingExpenses": "10392000", "investmentIncomeNet": "None", "netInterestIncome": "-200000", "interestIncome": "1000", "interestExpense": "201000", "nonInterestIncome": "None", "otherNonOperatingIncome": "None", "depreciation": "None", "depreciationAndAmortization": "811000", "incomeBeforeTax": "-22044000", "incomeTaxExpense": "200000", "interestAndDebtExpense": "None", "netIncomeFromContinuingOperations": "-20791000", "comprehensiveIncomeNetOfTax": "None", "ebit": "-14423000", "ebitda": "-13612000", "netIncome": "-22044000"}, {"fiscalDateEnding": "2021-12-31", "reportedCurrency": "USD", "grossProfit": "-9803000", "totalRevenue": "3000000", "costOfRevenue": "12803000", "costofGoodsAndServicesSold": "12803000", "operatingIncome": "-46652000", "sellingGeneralAndAdministrative": "4383000", "researchAndDevelopment": "12832000", "operatingExpenses": "36849000", "investmentIncomeNet": "None", "netInterestIncome": "-31000", "interestIncome": "36000", "interestExpense": "67000", "nonInterestIncome": "None", "otherNonOperatingIncome": "None", "depreciation": "None", "depreciationAndAmortization": "807000", "incomeBeforeTax": "-46683000", "incomeTaxExpense": "67000", "interestAndDebtExpense": "None", "netIncomeFromContinuingOperations": "-46683000", "comprehensiveIncomeNetOfTax": "None", "ebit": "-14186000", "ebitda": "-13379000", "netIncome": "-46683000"}, {"fiscalDateEnding": "2021-09-30", "reportedCurrency": "USD", "grossProfit": "-9056000", "totalRevenue": "0", "costOfRevenue": "1084000", "costofGoodsAndServicesSold": "1084000", "operatingIncome": "-14872000", "sellingGeneralAndAdministrative": "5816000", "researchAndDevelopment": "9056000", "operatingExpenses": "14872000", "investmentIncomeNet": "None", "netInterestIncome": "-673000", "interestIncome": "10000", "interestExpense": "683000", "nonInterestIncome": "None", "otherNonOperatingIncome": "None", "depreciation": "None", "depreciationAndAmortization": "1084000", "incomeBeforeTax": "-7044000", "incomeTaxExpense": "683000", "interestAndDebtExpense": "None", "netIncomeFromContinuingOperations": "-7044000", "comprehensiveIncomeNetOfTax": "None", "ebit": "-6361000", "ebitda": "-5277000", "netIncome": "-7044000"}, {"fiscalDateEnding": "2021-06-30", "reportedCurrency": "USD", "grossProfit": "-8533000", "totalRevenue": "0", "costOfRevenue": "1099000", "costofGoodsAndServicesSold": "1099000", "operatingIncome": "-13715000", "sellingGeneralAndAdministrative": "5182000", "researchAndDevelopment": "8533000", "operatingExpenses": "13715000", "investmentIncomeNet": "None", "netInterestIncome": "-1492000", "interestIncome": "8000", "interestExpense": "1500000", "nonInterestIncome": "None", "otherNonOperatingIncome": "None", "depreciation": "None", "depreciationAndAmortization": "1099000", "incomeBeforeTax": "-15207000", "incomeTaxExpense": "8000", "interestAndDebtExpense": "None", "netIncomeFromContinuingOperations": "-15207000", "comprehensiveIncomeNetOfTax": "None", "ebit": "-13707000", "ebitda": "-12608000", "netIncome": "-15207000"}, {"fiscalDateEnding": "2021-03-31", "reportedCurrency": "USD", "grossProfit": "-8317000", "totalRevenue": "3000000", "costOfRevenue": "1085000", "costofGoodsAndServicesSold": "1085000", "operatingIncome": "-14597000", "sellingGeneralAndAdministrative": "6280000", "researchAndDevelopment": "8317000", "operatingExpenses": "14597000", "investmentIncomeNet": "None", "netInterestIncome": "-1405000", "interestIncome": "15000", "interestExpense": "1420000", "nonInterestIncome": "None", "otherNonOperatingIncome": "None", "depreciation": "None", "depreciationAndAmortization": "1085000", "incomeBeforeTax": "-16002000", "incomeTaxExpense": "15000", "interestAndDebtExpense": "None", "netIncomeFromContinuingOperations": "-16017000", "comprehensiveIncomeNetOfTax": "None", "ebit": "-14582000", "ebitda": "-13497000", "netIncome": "-16002000"}, {"fiscalDateEnding": "2020-12-31", "reportedCurrency": "USD", "grossProfit": "3000000", "totalRevenue": "3000000", "costOfRevenue": "9243000", "costofGoodsAndServicesSold": "9243000", "operatingIncome": "-14480000", "sellingGeneralAndAdministrative": "7397000", "researchAndDevelopment": "9243000", "operatingExpenses": "17480000", "investmentIncomeNet": "None", "netInterestIncome": "-1348000", "interestIncome": "40000", "interestExpense": "1388000", "nonInterestIncome": "None", "otherNonOperatingIncome": "None", "depreciation": "None", "depreciationAndAmortization": "1103000", "incomeBeforeTax": "-15828000", "incomeTaxExpense": "40000", "interestAndDebtExpense": "None", "netIncomeFromContinuingOperations": "-15828000", "comprehensiveIncomeNetOfTax": "None", "ebit": "-14440000", "ebitda": "-13337000", "netIncome": "-15828000"}, {"fiscalDateEnding": "2020-09-30", "reportedCurrency": "USD", "grossProfit": "-969000", "totalRevenue": "7000000", "costOfRevenue": "7969000", "costofGoodsAndServicesSold": "7969000", "operatingIncome": "-6248000", "sellingGeneralAndAdministrative": "4432000", "researchAndDevelopment": "7969000", "operatingExpenses": "5279000", "investmentIncomeNet": "None", "netInterestIncome": "-989000", "interestIncome": "338000", "interestExpense": "1327000", "nonInterestIncome": "None", "otherNonOperatingIncome": "None", "depreciation": "None", "depreciationAndAmortization": "847000", "incomeBeforeTax": "-7237000", "incomeTaxExpense": "338000", "interestAndDebtExpense": "None", "netIncomeFromContinuingOperations": "-7575000", "comprehensiveIncomeNetOfTax": "None", "ebit": "-5910000", "ebitda": "-5063000", "netIncome": "-7237000"}, {"fiscalDateEnding": "2020-06-30", "reportedCurrency": "USD", "grossProfit": "-1085000", "totalRevenue": "0", "costOfRevenue": "6109000", "costofGoodsAndServicesSold": "6109000", "operatingIncome": "-12481000", "sellingGeneralAndAdministrative": "5538000", "researchAndDevelopment": "6109000", "operatingExpenses": "12481000", "investmentIncomeNet": "None", "netInterestIncome": "-529000", "interestIncome": "271000", "interestExpense": "800000", "nonInterestIncome": "None", "otherNonOperatingIncome": "None", "depreciation": "None", "depreciationAndAmortization": "1085000", "incomeBeforeTax": "-13010000", "incomeTaxExpense": "271000", "interestAndDebtExpense": "None", "netIncomeFromContinuingOperations": "-13281000", "comprehensiveIncomeNetOfTax": "None", "ebit": "-12210000", "ebitda": "-11125000", "netIncome": "-13010000"}, {"fiscalDateEnding": "2020-03-31", "reportedCurrency": "USD", "grossProfit": "-6818000", "totalRevenue": "0", "costOfRevenue": "6818000", "costofGoodsAndServicesSold": "6818000", "operatingIncome": "-48211000", "sellingGeneralAndAdministrative": "6412000", "researchAndDevelopment": "39734000", "operatingExpenses": "41393000", "investmentIncomeNet": "None", "netInterestIncome": "52000", "interestIncome": "652000", "interestExpense": "600000", "nonInterestIncome": "None", "otherNonOperatingIncome": "None", "depreciation": "None", "depreciationAndAmortization": "2065000", "incomeBeforeTax": "-48159000", "incomeTaxExpense": "600000", "interestAndDebtExpense": "None", "netIncomeFromContinuingOperations": "-48811000", "comprehensiveIncomeNetOfTax": "None", "ebit": "-15295000", "ebitda": "-13230000", "netIncome": "-48159000"}, {"fiscalDateEnding": "2019-12-31", "reportedCurrency": "USD", "grossProfit": "-9605000", "totalRevenue": "0", "costOfRevenue": "9605000", "costofGoodsAndServicesSold": "9605000", "operatingIncome": "-16411000", "sellingGeneralAndAdministrative": "4734000", "researchAndDevelopment": "10874000", "operatingExpenses": "6806000", "investmentIncomeNet": "None", "netInterestIncome": "-20000", "interestIncome": "380000", "interestExpense": "400000", "nonInterestIncome": "None", "otherNonOperatingIncome": "None", "depreciation": "None", "depreciationAndAmortization": "2072000", "incomeBeforeTax": "-16431000", "incomeTaxExpense": "380000", "interestAndDebtExpense": "None", "netIncomeFromContinuingOperations": "-17362000", "comprehensiveIncomeNetOfTax": "None", "ebit": "-16411000", "ebitda": "-14339000", "netIncome": "-16431000"}, {"fiscalDateEnding": "2019-09-30", "reportedCurrency": "USD", "grossProfit": "-10917000", "totalRevenue": "0", "costOfRevenue": "10917000", "costofGoodsAndServicesSold": "10917000", "operatingIncome": "-17649000", "sellingGeneralAndAdministrative": "4700000", "researchAndDevelopment": "10917000", "operatingExpenses": "17649000", "investmentIncomeNet": "None", "netInterestIncome": "277000", "interestIncome": "277000", "interestExpense": "0", "nonInterestIncome": "None", "otherNonOperatingIncome": "None", "depreciation": "None", "depreciationAndAmortization": "2032000", "incomeBeforeTax": "-17372000", "incomeTaxExpense": "277000", "interestAndDebtExpense": "None", "netIncomeFromContinuingOperations": "-17649000", "comprehensiveIncomeNetOfTax": "None", "ebit": "-17372000", "ebitda": "-15340000", "netIncome": "-17372000"}, {"fiscalDateEnding": "2019-06-30", "reportedCurrency": "USD", "grossProfit": "-2057000", "totalRevenue": "0", "costOfRevenue": "2057000", "costofGoodsAndServicesSold": "2057000", "operatingIncome": "-23976000", "sellingGeneralAndAdministrative": "5612000", "researchAndDevelopment": "16307000", "operatingExpenses": "21919000", "investmentIncomeNet": "None", "netInterestIncome": "52000", "interestIncome": "52000", "interestExpense": "0", "nonInterestIncome": "None", "otherNonOperatingIncome": "52000", "depreciation": "None", "depreciationAndAmortization": "2057000", "incomeBeforeTax": "-23924000", "incomeTaxExpense": "52000", "interestAndDebtExpense": "None", "netIncomeFromContinuingOperations": "-23924000", "comprehensiveIncomeNetOfTax": "None", "ebit": "-23924000", "ebitda": "-21867000", "netIncome": "-23924000"}, {"fiscalDateEnding": "2019-03-31", "reportedCurrency": "USD", "grossProfit": "-11737000", "totalRevenue": "-2128000", "costOfRevenue": "11737000", "costofGoodsAndServicesSold": "11737000", "operatingIncome": "-19054000", "sellingGeneralAndAdministrative": "5659000", "researchAndDevelopment": "11737000", "operatingExpenses": "19054000", "investmentIncomeNet": "None", "netInterestIncome": "499000", "interestIncome": "499000", "interestExpense": "2000", "nonInterestIncome": "None", "otherNonOperatingIncome": "499000", "depreciation": "None", "depreciationAndAmortization": "1658000", "incomeBeforeTax": "-18555000", "incomeTaxExpense": "499000", "interestAndDebtExpense": "None", "netIncomeFromContinuingOperations": "-18555000", "comprehensiveIncomeNetOfTax": "None", "ebit": "-18555000", "ebitda": "-16897000", "netIncome": "-18555000"}, {"fiscalDateEnding": "2018-12-31", "reportedCurrency": "USD", "grossProfit": "-11598000", "totalRevenue": "-2128000", "costOfRevenue": "9470000", "costofGoodsAndServicesSold": "9470000", "operatingIncome": "-20620000", "sellingGeneralAndAdministrative": "7631000", "researchAndDevelopment": "10410000", "operatingExpenses": "18492000", "investmentIncomeNet": "None", "netInterestIncome": "None", "interestIncome": "None", "interestExpense": "2000", "nonInterestIncome": "None", "otherNonOperatingIncome": "None", "depreciation": "None", "depreciationAndAmortization": "1391000", "incomeBeforeTax": "-17479000", "incomeTaxExpense": "533000", "interestAndDebtExpense": "None", "netIncomeFromContinuingOperations": "-20089000", "comprehensiveIncomeNetOfTax": "None", "ebit": "-20087000", "ebitda": "-18696000", "netIncome": "-17479000"}, {"fiscalDateEnding": "2018-09-30", "reportedCurrency": "USD", "grossProfit": "-11441000", "totalRevenue": "1709000", "costOfRevenue": "13150000", "costofGoodsAndServicesSold": "13150000", "operatingIncome": "-16916000", "sellingGeneralAndAdministrative": "4970000", "researchAndDevelopment": "13150000", "operatingExpenses": "5475000", "investmentIncomeNet": "None", "netInterestIncome": "None", "interestIncome": "None", "interestExpense": "3000", "nonInterestIncome": "None", "otherNonOperatingIncome": "500000", "depreciation": "None", "depreciationAndAmortization": "505000", "incomeBeforeTax": "-16419000", "incomeTaxExpense": "500000", "interestAndDebtExpense": "None", "netIncomeFromContinuingOperations": "-16419000", "comprehensiveIncomeNetOfTax": "None", "ebit": "-16416000", "ebitda": "-15911000", "netIncome": "-16419000"}, {"fiscalDateEnding": "2018-06-30", "reportedCurrency": "USD", "grossProfit": "-7640000", "totalRevenue": "276000", "costOfRevenue": "7916000", "costofGoodsAndServicesSold": "7916000", "operatingIncome": "-12557000", "sellingGeneralAndAdministrative": "4627000", "researchAndDevelopment": "7916000", "operatingExpenses": "4917000", "investmentIncomeNet": "None", "netInterestIncome": "None", "interestIncome": "None", "interestExpense": "3000", "nonInterestIncome": "None", "otherNonOperatingIncome": "317000", "depreciation": "None", "depreciationAndAmortization": "290000", "incomeBeforeTax": "-11700000", "incomeTaxExpense": "317000", "interestAndDebtExpense": "None", "netIncomeFromContinuingOperations": "-11700000", "comprehensiveIncomeNetOfTax": "None", "ebit": "-12240000", "ebitda": "-11950000", "netIncome": "-11700000"}, {"fiscalDateEnding": "2018-03-31", "reportedCurrency": "USD", "grossProfit": "-7631000", "totalRevenue": "531000", "costOfRevenue": "8162000", "costofGoodsAndServicesSold": "8162000", "operatingIncome": "-10683000", "sellingGeneralAndAdministrative": "2878000", "researchAndDevelopment": "8162000", "operatingExpenses": "3052000", "investmentIncomeNet": "None", "netInterestIncome": "None", "interestIncome": "None", "interestExpense": "3000", "nonInterestIncome": "None", "otherNonOperatingIncome": "156000", "depreciation": "None", "depreciationAndAmortization": "174000", "incomeBeforeTax": "-8463000", "incomeTaxExpense": "156000", "interestAndDebtExpense": "None", "netIncomeFromContinuingOperations": "-8463000", "comprehensiveIncomeNetOfTax": "None", "ebit": "-10527000", "ebitda": "-10353000", "netIncome": "-8463000"}, {"fiscalDateEnding": "2017-12-31", "reportedCurrency": "USD", "grossProfit": "-5491000", "totalRevenue": "215000", "costOfRevenue": "5706000", "costofGoodsAndServicesSold": "5706000", "operatingIncome": "-8750000", "sellingGeneralAndAdministrative": "3113000", "researchAndDevelopment": "5706000", "operatingExpenses": "3259000", "investmentIncomeNet": "None", "netInterestIncome": "None", "interestIncome": "None", "interestExpense": "1000", "nonInterestIncome": "None", "otherNonOperatingIncome": "301000", "depreciation": "None", "depreciationAndAmortization": "146000", "incomeBeforeTax": "-8450000", "incomeTaxExpense": "301000", "interestAndDebtExpense": "None", "netIncomeFromContinuingOperations": "-8450000", "comprehensiveIncomeNetOfTax": "None", "ebit": "-8449000", "ebitda": "-8303000", "netIncome": "-8450000"}, {"fiscalDateEnding": "2017-09-30", "reportedCurrency": "USD", "grossProfit": "-3058000", "totalRevenue": "219000", "costOfRevenue": "3277000", "costofGoodsAndServicesSold": "3277000", "operatingIncome": "-5362000", "sellingGeneralAndAdministrative": "2166000", "researchAndDevelopment": "3277000", "operatingExpenses": "2304000", "investmentIncomeNet": "None", "netInterestIncome": "None", "interestIncome": "None", "interestExpense": "2000", "nonInterestIncome": "None", "otherNonOperatingIncome": "21000", "depreciation": "None", "depreciationAndAmortization": "138000", "incomeBeforeTax": "-5343000", "incomeTaxExpense": "21000", "interestAndDebtExpense": "None", "netIncomeFromContinuingOperations": "-5343000", "comprehensiveIncomeNetOfTax": "None", "ebit": "-5341000", "ebitda": "-5203000", "netIncome": "-5343000"}, {"fiscalDateEnding": "2017-06-30", "reportedCurrency": "USD", "grossProfit": "-5591000", "totalRevenue": "217000", "costOfRevenue": "5808000", "costofGoodsAndServicesSold": "5808000", "operatingIncome": "-8440000", "sellingGeneralAndAdministrative": "2642000", "researchAndDevelopment": "5808000", "operatingExpenses": "8657000", "investmentIncomeNet": "None", "netInterestIncome": "None", "interestIncome": "None", "interestExpense": "3000", "nonInterestIncome": "None", "otherNonOperatingIncome": "164000", "depreciation": "None", "depreciationAndAmortization": "207000", "incomeBeforeTax": "-8279000", "incomeTaxExpense": "164000", "interestAndDebtExpense": "None", "netIncomeFromContinuingOperations": "-8279000", "comprehensiveIncomeNetOfTax": "None", "ebit": "-8276000", "ebitda": "-8069000", "netIncome": "-8279000"}, {"fiscalDateEnding": "2017-03-31", "reportedCurrency": "USD", "grossProfit": "-2012000", "totalRevenue": "186000", "costOfRevenue": "2198000", "costofGoodsAndServicesSold": "2198000", "operatingIncome": "-5284000", "sellingGeneralAndAdministrative": "3022000", "researchAndDevelopment": "2198000", "operatingExpenses": "3272000", "investmentIncomeNet": "None", "netInterestIncome": "None", "interestIncome": "None", "interestExpense": "2000", "nonInterestIncome": "None", "otherNonOperatingIncome": "39000", "depreciation": "None", "depreciationAndAmortization": "250000", "incomeBeforeTax": "-5247000", "incomeTaxExpense": "39000", "interestAndDebtExpense": "None", "netIncomeFromContinuingOperations": "-5247000", "comprehensiveIncomeNetOfTax": "None", "ebit": "-5245000", "ebitda": "-4995000", "netIncome": "-5247000"}, {"fiscalDateEnding": "2016-12-31", "reportedCurrency": "USD", "grossProfit": "256000", "totalRevenue": "256000", "costOfRevenue": "5840000", "costofGoodsAndServicesSold": "5840000", "operatingIncome": "-5832000", "sellingGeneralAndAdministrative": "2803000", "researchAndDevelopment": "3037000", "operatingExpenses": "6088000", "investmentIncomeNet": "None", "netInterestIncome": "None", "interestIncome": "None", "interestExpense": "2000", "nonInterestIncome": "None", "otherNonOperatingIncome": "-1168000", "depreciation": "None", "depreciationAndAmortization": "248000", "incomeBeforeTax": "-7002000", "incomeTaxExpense": "-1168000", "interestAndDebtExpense": "None", "netIncomeFromContinuingOperations": "-7002000", "comprehensiveIncomeNetOfTax": "None", "ebit": "-7000000", "ebitda": "-6752000", "netIncome": "-7002000"}, {"fiscalDateEnding": "2016-09-30", "reportedCurrency": "USD", "grossProfit": "184000", "totalRevenue": "184000", "costOfRevenue": "5136000", "costofGoodsAndServicesSold": "5136000", "operatingIncome": "-5174000", "sellingGeneralAndAdministrative": "2391000", "researchAndDevelopment": "2745000", "operatingExpenses": "5358000", "investmentIncomeNet": "None", "netInterestIncome": "None", "interestIncome": "None", "interestExpense": "1000", "nonInterestIncome": "None", "otherNonOperatingIncome": "2551000", "depreciation": "None", "depreciationAndAmortization": "222000", "incomeBeforeTax": "-2624000", "incomeTaxExpense": "2551000", "interestAndDebtExpense": "None", "netIncomeFromContinuingOperations": "-2624000", "comprehensiveIncomeNetOfTax": "None", "ebit": "-2623000", "ebitda": "-2401000", "netIncome": "-2624000"}, {"fiscalDateEnding": "2016-06-30", "reportedCurrency": "USD", "grossProfit": "214000", "totalRevenue": "214000", "costOfRevenue": "6748000", "costofGoodsAndServicesSold": "6748000", "operatingIncome": "-6715000", "sellingGeneralAndAdministrative": "3730000", "researchAndDevelopment": "3018000", "operatingExpenses": "6929000", "investmentIncomeNet": "None", "netInterestIncome": "None", "interestIncome": "None", "interestExpense": "1000", "nonInterestIncome": "None", "otherNonOperatingIncome": "13000", "depreciation": "None", "depreciationAndAmortization": "181000", "incomeBeforeTax": "-6703000", "incomeTaxExpense": "13000", "interestAndDebtExpense": "None", "netIncomeFromContinuingOperations": "-6703000", "comprehensiveIncomeNetOfTax": "None", "ebit": "-6702000", "ebitda": "-6521000", "netIncome": "-6703000"}, {"fiscalDateEnding": "2016-03-31", "reportedCurrency": "USD", "grossProfit": "235000", "totalRevenue": "235000", "costOfRevenue": "6221000", "costofGoodsAndServicesSold": "6221000", "operatingIncome": "-6160000", "sellingGeneralAndAdministrative": "4366000", "researchAndDevelopment": "1855000", "operatingExpenses": "6395000", "investmentIncomeNet": "None", "netInterestIncome": "None", "interestIncome": "None", "interestExpense": "2000", "nonInterestIncome": "None", "otherNonOperatingIncome": "618000", "depreciation": "None", "depreciationAndAmortization": "174000", "incomeBeforeTax": "-5544000", "incomeTaxExpense": "618000", "interestAndDebtExpense": "None", "netIncomeFromContinuingOperations": "-5544000", "comprehensiveIncomeNetOfTax": "None", "ebit": "-5542000", "ebitda": "-5368000", "netIncome": "-5544000"}, {"fiscalDateEnding": "2015-12-31", "reportedCurrency": "USD", "grossProfit": "215000", "totalRevenue": "215000", "costOfRevenue": "6318000", "costofGoodsAndServicesSold": "6318000", "operatingIncome": "-6253000", "sellingGeneralAndAdministrative": "4247000", "researchAndDevelopment": "2217000", "operatingExpenses": "6468000", "investmentIncomeNet": "None", "netInterestIncome": "None", "interestIncome": "None", "interestExpense": "2000", "nonInterestIncome": "None", "otherNonOperatingIncome": "3915000", "depreciation": "None", "depreciationAndAmortization": "150000", "incomeBeforeTax": "-2340000", "incomeTaxExpense": "3915000", "interestAndDebtExpense": "None", "netIncomeFromContinuingOperations": "-2340000", "comprehensiveIncomeNetOfTax": "None", "ebit": "-2338000", "ebitda": "-2188000", "netIncome": "-2340000"}, {"fiscalDateEnding": "2015-09-30", "reportedCurrency": "USD", "grossProfit": "285000", "totalRevenue": "285000", "costOfRevenue": "6298000", "costofGoodsAndServicesSold": "6298000", "operatingIncome": "-6164000", "sellingGeneralAndAdministrative": "4717000", "researchAndDevelopment": "1581000", "operatingExpenses": "6449000", "investmentIncomeNet": "None", "netInterestIncome": "None", "interestIncome": "None", "interestExpense": "1000", "nonInterestIncome": "None", "otherNonOperatingIncome": "92000", "depreciation": "None", "depreciationAndAmortization": "151000", "incomeBeforeTax": "-6073000", "incomeTaxExpense": "92000", "interestAndDebtExpense": "None", "netIncomeFromContinuingOperations": "-6073000", "comprehensiveIncomeNetOfTax": "None", "ebit": "-6072000", "ebitda": "-5921000", "netIncome": "-6073000"}, {"fiscalDateEnding": "2015-06-30", "reportedCurrency": "USD", "grossProfit": "282000", "totalRevenue": "282000", "costOfRevenue": "4277000", "costofGoodsAndServicesSold": "4277000", "operatingIncome": "-4127000", "sellingGeneralAndAdministrative": "3667000", "researchAndDevelopment": "610000", "operatingExpenses": "4409000", "investmentIncomeNet": "None", "netInterestIncome": "None", "interestIncome": "None", "interestExpense": "2000", "nonInterestIncome": "None", "otherNonOperatingIncome": "16000", "depreciation": "None", "depreciationAndAmortization": "132000", "incomeBeforeTax": "-4113000", "incomeTaxExpense": "16000", "interestAndDebtExpense": "None", "netIncomeFromContinuingOperations": "-4113000", "comprehensiveIncomeNetOfTax": "None", "ebit": "-4111000", "ebitda": "-3979000", "netIncome": "-4113000"}, {"fiscalDateEnding": "2015-03-31", "reportedCurrency": "USD", "grossProfit": "258000", "totalRevenue": "258000", "costOfRevenue": "2142000", "costofGoodsAndServicesSold": "2142000", "operatingIncome": "-2002000", "sellingGeneralAndAdministrative": "1689000", "researchAndDevelopment": "453000", "operatingExpenses": "2260000", "investmentIncomeNet": "None", "netInterestIncome": "None", "interestIncome": "None", "interestExpense": "1000", "nonInterestIncome": "None", "otherNonOperatingIncome": "3000", "depreciation": "None", "depreciationAndAmortization": "118000", "incomeBeforeTax": "-2000000", "incomeTaxExpense": "3000", "interestAndDebtExpense": "None", "netIncomeFromContinuingOperations": "-2000000", "comprehensiveIncomeNetOfTax": "None", "ebit": "-1999000", "ebitda": "-1881000", "netIncome": "-2000000"}, {"fiscalDateEnding": "2014-12-31", "reportedCurrency": "USD", "grossProfit": "234000", "totalRevenue": "234000", "costOfRevenue": "692000", "costofGoodsAndServicesSold": "692000", "operatingIncome": "-467000", "sellingGeneralAndAdministrative": "657000", "researchAndDevelopment": "35000", "operatingExpenses": "701000", "investmentIncomeNet": "None", "netInterestIncome": "None", "interestIncome": "None", "interestExpense": "176000", "nonInterestIncome": "None", "otherNonOperatingIncome": "-11300000", "depreciation": "None", "depreciationAndAmortization": "9000", "incomeBeforeTax": "-11943000", "incomeTaxExpense": "176000", "interestAndDebtExpense": "None", "netIncomeFromContinuingOperations": "-12674000", "comprehensiveIncomeNetOfTax": "None", "ebit": "-467000", "ebitda": "-458000", "netIncome": "-11943000"}, {"fiscalDateEnding": "2014-09-30", "reportedCurrency": "USD", "grossProfit": "236000", "totalRevenue": "236000", "costOfRevenue": "868000", "costofGoodsAndServicesSold": "868000", "operatingIncome": "-633000", "sellingGeneralAndAdministrative": "795000", "researchAndDevelopment": "73000", "operatingExpenses": "869000", "investmentIncomeNet": "None", "netInterestIncome": "None", "interestIncome": "None", "interestExpense": "147000", "nonInterestIncome": "None", "otherNonOperatingIncome": "-689000", "depreciation": "None", "depreciationAndAmortization": "1000", "incomeBeforeTax": "-1469000", "incomeTaxExpense": "147000", "interestAndDebtExpense": "None", "netIncomeFromContinuingOperations": "-1469000", "comprehensiveIncomeNetOfTax": "None", "ebit": "-1322000", "ebitda": "-1321000", "netIncome": "-1469000"}, {"fiscalDateEnding": "2014-06-30", "reportedCurrency": "USD", "grossProfit": "247000", "totalRevenue": "247000", "costOfRevenue": "949000", "costofGoodsAndServicesSold": "949000", "operatingIncome": "-703000", "sellingGeneralAndAdministrative": "868000", "researchAndDevelopment": "81000", "operatingExpenses": "950000", "investmentIncomeNet": "None", "netInterestIncome": "None", "interestIncome": "None", "interestExpense": "137000", "nonInterestIncome": "None", "otherNonOperatingIncome": "-11667000", "depreciation": "None", "depreciationAndAmortization": "1000", "incomeBeforeTax": "-12507000", "incomeTaxExpense": "137000", "interestAndDebtExpense": "None", "netIncomeFromContinuingOperations": "-12507000", "comprehensiveIncomeNetOfTax": "None", "ebit": "-12370000", "ebitda": "-12369000", "netIncome": "-12507000"}, {"fiscalDateEnding": "2014-03-31", "reportedCurrency": "USD", "grossProfit": "208000", "totalRevenue": "208000", "costOfRevenue": "1536000", "costofGoodsAndServicesSold": "1536000", "operatingIncome": "-1328000", "sellingGeneralAndAdministrative": "1392000", "researchAndDevelopment": "144000", "operatingExpenses": "1536000", "investmentIncomeNet": "None", "netInterestIncome": "None", "interestIncome": "None", "interestExpense": "122000", "nonInterestIncome": "None", "otherNonOperatingIncome": "591000", "depreciation": "None", "depreciationAndAmortization": "8000", "incomeBeforeTax": "-859000", "incomeTaxExpense": "114000", "interestAndDebtExpense": "None", "netIncomeFromContinuingOperations": "-128000", "comprehensiveIncomeNetOfTax": "None", "ebit": "-745000", "ebitda": "-737000", "netIncome": "-859000"}, {"fiscalDateEnding": "2013-12-31", "reportedCurrency": "USD", "grossProfit": "-124713000", "totalRevenue": "162000", "costOfRevenue": "124875000", "costofGoodsAndServicesSold": "124875000", "operatingIncome": "-684000", "sellingGeneralAndAdministrative": "717000", "researchAndDevelopment": "128000", "operatingExpenses": "846000", "investmentIncomeNet": "None", "netInterestIncome": "None", "interestIncome": "None", "interestExpense": "97000", "nonInterestIncome": "None", "otherNonOperatingIncome": "None", "depreciation": "None", "depreciationAndAmortization": "1000", "incomeBeforeTax": "-1075000", "incomeTaxExpense": "97000", "interestAndDebtExpense": "None", "netIncomeFromContinuingOperations": "0", "comprehensiveIncomeNetOfTax": "None", "ebit": "-978000", "ebitda": "-977000", "netIncome": "-1075000"}, {"fiscalDateEnding": "2013-09-30", "reportedCurrency": "USD", "grossProfit": "182000", "totalRevenue": "189000", "costOfRevenue": "7000", "costofGoodsAndServicesSold": "7000", "operatingIncome": "-696000", "sellingGeneralAndAdministrative": "642000", "researchAndDevelopment": "236000", "operatingExpenses": "878000", "investmentIncomeNet": "None", "netInterestIncome": "None", "interestIncome": "None", "interestExpense": "96000", "nonInterestIncome": "None", "otherNonOperatingIncome": "None", "depreciation": "None", "depreciationAndAmortization": "1000", "incomeBeforeTax": "-157000", "incomeTaxExpense": "96000", "interestAndDebtExpense": "None", "netIncomeFromContinuingOperations": "0", "comprehensiveIncomeNetOfTax": "None", "ebit": "-61000", "ebitda": "-60000", "netIncome": "-157000"}, {"fiscalDateEnding": "2013-06-30", "reportedCurrency": "USD", "grossProfit": "414000", "totalRevenue": "467000", "costOfRevenue": "53000", "costofGoodsAndServicesSold": "53000", "operatingIncome": "-1921000", "sellingGeneralAndAdministrative": "2137000", "researchAndDevelopment": "197000", "operatingExpenses": "2335000", "investmentIncomeNet": "None", "netInterestIncome": "None", "interestIncome": "None", "interestExpense": "43000", "nonInterestIncome": "None", "otherNonOperatingIncome": "None", "depreciation": "None", "depreciationAndAmortization": "1000000", "incomeBeforeTax": "1600000", "incomeTaxExpense": "-956000", "interestAndDebtExpense": "None", "netIncomeFromContinuingOperations": "0", "comprehensiveIncomeNetOfTax": "None", "ebit": "644000", "ebitda": "1644000", "netIncome": "1600000"}, {"fiscalDateEnding": "2013-03-31", "reportedCurrency": "USD", "grossProfit": "1159000", "totalRevenue": "1224000", "costOfRevenue": "65000", "costofGoodsAndServicesSold": "65000", "operatingIncome": "-503000", "sellingGeneralAndAdministrative": "1533000", "researchAndDevelopment": "323000", "operatingExpenses": "1662000", "investmentIncomeNet": "None", "netInterestIncome": "None", "interestIncome": "None", "interestExpense": "43000", "nonInterestIncome": "None", "otherNonOperatingIncome": "None", "depreciation": "None", "depreciationAndAmortization": "1000", "incomeBeforeTax": "4081000", "incomeTaxExpense": "43000", "interestAndDebtExpense": "None", "netIncomeFromContinuingOperations": "0", "comprehensiveIncomeNetOfTax": "None", "ebit": "4124000", "ebitda": "4125000", "netIncome": "4081000"}, {"fiscalDateEnding": "2012-12-31", "reportedCurrency": "USD", "grossProfit": "940000", "totalRevenue": "1006000", "costOfRevenue": "66000", "costofGoodsAndServicesSold": "66000", "operatingIncome": "-1219000", "sellingGeneralAndAdministrative": "1533000", "researchAndDevelopment": "298000", "operatingExpenses": "2159000", "investmentIncomeNet": "None", "netInterestIncome": "None", "interestIncome": "None", "interestExpense": "84000", "nonInterestIncome": "None", "otherNonOperatingIncome": "None", "depreciation": "None", "depreciationAndAmortization": "328000", "incomeBeforeTax": "19827000", "incomeTaxExpense": "-30359000", "interestAndDebtExpense": "None", "netIncomeFromContinuingOperations": "0", "comprehensiveIncomeNetOfTax": "None", "ebit": "-6827000", "ebitda": "-6499000", "netIncome": "19827000"}, {"fiscalDateEnding": "2012-09-30", "reportedCurrency": "USD", "grossProfit": "792000", "totalRevenue": "871000", "costOfRevenue": "79000", "costofGoodsAndServicesSold": "79000", "operatingIncome": "-956000", "sellingGeneralAndAdministrative": "1422000", "researchAndDevelopment": "308000", "operatingExpenses": "1748000", "investmentIncomeNet": "None", "netInterestIncome": "None", "interestIncome": "None", "interestExpense": "186000", "nonInterestIncome": "None", "otherNonOperatingIncome": "None", "depreciation": "None", "depreciationAndAmortization": "18000", "incomeBeforeTax": "-14867000", "incomeTaxExpense": "13911000", "interestAndDebtExpense": "None", "netIncomeFromContinuingOperations": "0", "comprehensiveIncomeNetOfTax": "None", "ebit": "-14681000", "ebitda": "-14663000", "netIncome": "-14867000"}, {"fiscalDateEnding": "2012-06-30", "reportedCurrency": "USD", "grossProfit": "627000", "totalRevenue": "690000", "costOfRevenue": "63000", "costofGoodsAndServicesSold": "63000", "operatingIncome": "-1452000", "sellingGeneralAndAdministrative": "1406000", "researchAndDevelopment": "654000", "operatingExpenses": "2079000", "investmentIncomeNet": "None", "netInterestIncome": "None", "interestIncome": "None", "interestExpense": "169000", "nonInterestIncome": "None", "otherNonOperatingIncome": "None", "depreciation": "None", "depreciationAndAmortization": "19000", "incomeBeforeTax": "-10600000", "incomeTaxExpense": "9148000", "interestAndDebtExpense": "None", "netIncomeFromContinuingOperations": "0", "comprehensiveIncomeNetOfTax": "None", "ebit": "-10431000", "ebitda": "-10412000", "netIncome": "-10600000"}, {"fiscalDateEnding": "2012-03-31", "reportedCurrency": "USD", "grossProfit": "1778000", "totalRevenue": "1855000", "costOfRevenue": "59000", "costofGoodsAndServicesSold": "59000", "operatingIncome": "-689000", "sellingGeneralAndAdministrative": "979000", "researchAndDevelopment": "974000", "operatingExpenses": "2467000", "investmentIncomeNet": "None", "netInterestIncome": "None", "interestIncome": "None", "interestExpense": "169000", "nonInterestIncome": "None", "otherNonOperatingIncome": "None", "depreciation": "None", "depreciationAndAmortization": "54000", "incomeBeforeTax": "-4892000", "incomeTaxExpense": "4203000", "interestAndDebtExpense": "None", "netIncomeFromContinuingOperations": "0", "comprehensiveIncomeNetOfTax": "None", "ebit": "-4723000", "ebitda": "-4669000", "netIncome": "-4892000"}, {"fiscalDateEnding": "2011-12-31", "reportedCurrency": "USD", "grossProfit": "102000", "totalRevenue": "506000", "costOfRevenue": "404000", "costofGoodsAndServicesSold": "404000", "operatingIncome": "-1690000", "sellingGeneralAndAdministrative": "2714000", "researchAndDevelopment": "957000", "operatingExpenses": "1792000", "investmentIncomeNet": "None", "netInterestIncome": "None", "interestIncome": "None", "interestExpense": "203000", "nonInterestIncome": "None", "otherNonOperatingIncome": "None", "depreciation": "None", "depreciationAndAmortization": "57000", "incomeBeforeTax": "2813000", "incomeTaxExpense": "4353000", "interestAndDebtExpense": "None", "netIncomeFromContinuingOperations": "0", "comprehensiveIncomeNetOfTax": "None", "ebit": "4634000", "ebitda": "4691000", "netIncome": "281000"}, {"fiscalDateEnding": "2011-09-30", "reportedCurrency": "USD", "grossProfit": "980000", "totalRevenue": "1041000", "costOfRevenue": "61000", "costofGoodsAndServicesSold": "61000", "operatingIncome": "-1784000", "sellingGeneralAndAdministrative": "1252000", "researchAndDevelopment": "1063000", "operatingExpenses": "2371000", "investmentIncomeNet": "None", "netInterestIncome": "None", "interestIncome": "None", "interestExpense": "237000", "nonInterestIncome": "None", "otherNonOperatingIncome": "5196000", "depreciation": "None", "depreciationAndAmortization": "56000", "incomeBeforeTax": "-696000", "incomeTaxExpense": "-2134000", "interestAndDebtExpense": "None", "netIncomeFromContinuingOperations": "2134000", "comprehensiveIncomeNetOfTax": "None", "ebit": "-1784000", "ebitda": "-1728000", "netIncome": "350000"}, {"fiscalDateEnding": "2011-06-30", "reportedCurrency": "USD", "grossProfit": "-115000", "totalRevenue": "151000", "costOfRevenue": "266000", "costofGoodsAndServicesSold": "266000", "operatingIncome": "-2253000", "sellingGeneralAndAdministrative": "1019000", "researchAndDevelopment": "1060000", "operatingExpenses": "2138000", "investmentIncomeNet": "None", "netInterestIncome": "None", "interestIncome": "None", "interestExpense": "356000", "nonInterestIncome": "None", "otherNonOperatingIncome": "3749000", "depreciation": "None", "depreciationAndAmortization": "59000", "incomeBeforeTax": "-1264000000", "incomeTaxExpense": "-989000", "interestAndDebtExpense": "None", "netIncomeFromContinuingOperations": "989000", "comprehensiveIncomeNetOfTax": "None", "ebit": "-2253000", "ebitda": "-2194000", "netIncome": "-1264000"}, {"fiscalDateEnding": "2011-03-31", "reportedCurrency": "USD", "grossProfit": "58000", "totalRevenue": "150000", "costOfRevenue": "92000", "costofGoodsAndServicesSold": "92000", "operatingIncome": "-2149000", "sellingGeneralAndAdministrative": "1026000", "researchAndDevelopment": "1120000", "operatingExpenses": "2207000", "investmentIncomeNet": "None", "netInterestIncome": "None", "interestIncome": "None", "interestExpense": "167000", "nonInterestIncome": "None", "otherNonOperatingIncome": "None", "depreciation": "None", "depreciationAndAmortization": "61000", "incomeBeforeTax": "-1899000000", "incomeTaxExpense": "-250000", "interestAndDebtExpense": "None", "netIncomeFromContinuingOperations": "0", "comprehensiveIncomeNetOfTax": "None", "ebit": "-2149000", "ebitda": "-2088000", "netIncome": "-1899000"}, {"fiscalDateEnding": "2010-12-31", "reportedCurrency": "USD", "grossProfit": "7000", "totalRevenue": "147000", "costOfRevenue": "140000", "costofGoodsAndServicesSold": "140000", "operatingIncome": "-1878000", "sellingGeneralAndAdministrative": "1195000", "researchAndDevelopment": "631000", "operatingExpenses": "1885000", "investmentIncomeNet": "None", "netInterestIncome": "None", "interestIncome": "None", "interestExpense": "163000", "nonInterestIncome": "None", "otherNonOperatingIncome": "None", "depreciation": "None", "depreciationAndAmortization": "59000", "incomeBeforeTax": "9840000", "incomeTaxExpense": "-4181000", "interestAndDebtExpense": "None", "netIncomeFromContinuingOperations": "0", "comprehensiveIncomeNetOfTax": "None", "ebit": "-1878000", "ebitda": "-1819000", "netIncome": "2303000"}, {"fiscalDateEnding": "2010-09-30", "reportedCurrency": "USD", "grossProfit": "127000", "totalRevenue": "127000", "costOfRevenue": "2364000", "costofGoodsAndServicesSold": "2364000", "operatingIncome": "-2296000", "sellingGeneralAndAdministrative": "1165000", "researchAndDevelopment": "1199000", "operatingExpenses": "2423000", "investmentIncomeNet": "None", "netInterestIncome": "None", "interestIncome": "None", "interestExpense": "152000", "nonInterestIncome": "None", "otherNonOperatingIncome": "None", "depreciation": "None", "depreciationAndAmortization": "59000", "incomeBeforeTax": "-12605000", "incomeTaxExpense": "10423000", "interestAndDebtExpense": "None", "netIncomeFromContinuingOperations": "0", "comprehensiveIncomeNetOfTax": "None", "ebit": "-2296000", "ebitda": "-2237000", "netIncome": "-12719000"}, {"fiscalDateEnding": "2010-06-30", "reportedCurrency": "USD", "grossProfit": "105000", "totalRevenue": "105000", "costOfRevenue": "1986000", "costofGoodsAndServicesSold": "1986000", "operatingIncome": "-1940000", "sellingGeneralAndAdministrative": "1253000", "researchAndDevelopment": "733000", "operatingExpenses": "2045000", "investmentIncomeNet": "None", "netInterestIncome": "None", "interestIncome": "None", "interestExpense": "143000", "nonInterestIncome": "None", "otherNonOperatingIncome": "None", "depreciation": "None", "depreciationAndAmortization": "59000", "incomeBeforeTax": "1790000000", "incomeTaxExpense": "-3730000", "interestAndDebtExpense": "None", "netIncomeFromContinuingOperations": "0", "comprehensiveIncomeNetOfTax": "None", "ebit": "-1940000", "ebitda": "-1881000", "netIncome": "1790000"}, {"fiscalDateEnding": "2010-03-31", "reportedCurrency": "USD", "grossProfit": "102000", "totalRevenue": "102000", "costOfRevenue": "1684000", "costofGoodsAndServicesSold": "1684000", "operatingIncome": "-1643000", "sellingGeneralAndAdministrative": "898000", "researchAndDevelopment": "786000", "operatingExpenses": "1745000", "investmentIncomeNet": "None", "netInterestIncome": "None", "interestIncome": "None", "interestExpense": "149000", "nonInterestIncome": "None", "otherNonOperatingIncome": "None", "depreciation": "None", "depreciationAndAmortization": "61000", "incomeBeforeTax": "1089000000", "incomeTaxExpense": "-2732000", "interestAndDebtExpense": "None", "netIncomeFromContinuingOperations": "0", "comprehensiveIncomeNetOfTax": "None", "ebit": "-1643000", "ebitda": "-1582000", "netIncome": "1089000"}, {"fiscalDateEnding": "2009-12-31", "reportedCurrency": "USD", "grossProfit": "104000", "totalRevenue": "104000", "costOfRevenue": "1727000", "costofGoodsAndServicesSold": "1727000", "operatingIncome": "-1685000", "sellingGeneralAndAdministrative": "900000", "researchAndDevelopment": "827000", "operatingExpenses": "1789000", "investmentIncomeNet": "None", "netInterestIncome": "None", "interestIncome": "None", "interestExpense": "144000", "nonInterestIncome": "None", "otherNonOperatingIncome": "None", "depreciation": "None", "depreciationAndAmortization": "62000", "incomeBeforeTax": "8368000", "incomeTaxExpense": "9439664000", "interestAndDebtExpense": "None", "netIncomeFromContinuingOperations": "0", "comprehensiveIncomeNetOfTax": "None", "ebit": "-1685000", "ebitda": "-1623000", "netIncome": "-8972000"}, {"fiscalDateEnding": "2009-09-30", "reportedCurrency": "USD", "grossProfit": "144000", "totalRevenue": "144000", "costOfRevenue": "4019000", "costofGoodsAndServicesSold": "4019000", "operatingIncome": "-3940000000", "sellingGeneralAndAdministrative": "3458000", "researchAndDevelopment": "561000", "operatingExpenses": "4084000", "investmentIncomeNet": "None", "netInterestIncome": "None", "interestIncome": "None", "interestExpense": "133000", "nonInterestIncome": "None", "otherNonOperatingIncome": "None", "depreciation": "None", "depreciationAndAmortization": "65000", "incomeBeforeTax": "-4071000000", "incomeTaxExpense": "-130869000", "interestAndDebtExpense": "None", "netIncomeFromContinuingOperations": "0", "comprehensiveIncomeNetOfTax": "None", "ebit": "-3940000", "ebitda": "-3875000", "netIncome": "-4071000"}, {"fiscalDateEnding": "2009-06-30", "reportedCurrency": "USD", "grossProfit": "63000", "totalRevenue": "63000", "costOfRevenue": "2089000", "costofGoodsAndServicesSold": "2089000", "operatingIncome": "-2092000", "sellingGeneralAndAdministrative": "1507000", "researchAndDevelopment": "582000", "operatingExpenses": "2155000", "investmentIncomeNet": "None", "netInterestIncome": "None", "interestIncome": "None", "interestExpense": "118000", "nonInterestIncome": "None", "otherNonOperatingIncome": "None", "depreciation": "None", "depreciationAndAmortization": "66000", "incomeBeforeTax": "0", "incomeTaxExpense": "116000", "interestAndDebtExpense": "None", "netIncomeFromContinuingOperations": "0", "comprehensiveIncomeNetOfTax": "None", "ebit": "-2092000", "ebitda": "-2026000", "netIncome": "-2208000"}, {"fiscalDateEnding": "2009-03-31", "reportedCurrency": "USD", "grossProfit": "41000", "totalRevenue": "41000", "costOfRevenue": "1934000", "costofGoodsAndServicesSold": "1934000", "operatingIncome": "-1959000", "sellingGeneralAndAdministrative": "1247000", "researchAndDevelopment": "687000", "operatingExpenses": "2000000", "investmentIncomeNet": "None", "netInterestIncome": "None", "interestIncome": "None", "interestExpense": "144000", "nonInterestIncome": "None", "otherNonOperatingIncome": "None", "depreciation": "None", "depreciationAndAmortization": "66000", "incomeBeforeTax": "-2089000", "incomeTaxExpense": "130000", "interestAndDebtExpense": "None", "netIncomeFromContinuingOperations": "0", "comprehensiveIncomeNetOfTax": "None", "ebit": "-1959000", "ebitda": "-1893000", "netIncome": "-2089000"}, {"fiscalDateEnding": "2008-12-31", "reportedCurrency": "USD", "grossProfit": "74000", "totalRevenue": "74000", "costOfRevenue": "1731000", "costofGoodsAndServicesSold": "1731000", "operatingIncome": "-1455000", "sellingGeneralAndAdministrative": "968000", "researchAndDevelopment": "505000", "operatingExpenses": "1529000", "investmentIncomeNet": "None", "netInterestIncome": "None", "interestIncome": "None", "interestExpense": "127000", "nonInterestIncome": "None", "otherNonOperatingIncome": "None", "depreciation": "None", "depreciationAndAmortization": "56000", "incomeBeforeTax": "0", "incomeTaxExpense": "294000", "interestAndDebtExpense": "None", "netIncomeFromContinuingOperations": "0", "comprehensiveIncomeNetOfTax": "None", "ebit": "-1277000", "ebitda": "-1221000", "netIncome": "-1571000"}, {"fiscalDateEnding": "2008-09-30", "reportedCurrency": "USD", "grossProfit": "47000", "totalRevenue": "47000", "costOfRevenue": "3837000", "costofGoodsAndServicesSold": "3837000", "operatingIncome": "-3870000", "sellingGeneralAndAdministrative": "1933000", "researchAndDevelopment": "1284000", "operatingExpenses": "2789000", "investmentIncomeNet": "None", "netInterestIncome": "None", "interestIncome": "None", "interestExpense": "183000", "nonInterestIncome": "None", "otherNonOperatingIncome": "None", "depreciation": "None", "depreciationAndAmortization": "113000", "incomeBeforeTax": "-2806000", "incomeTaxExpense": "65000", "interestAndDebtExpense": "None", "netIncomeFromContinuingOperations": "0", "comprehensiveIncomeNetOfTax": "None", "ebit": "-3870000", "ebitda": "-3757000", "netIncome": "-4021000"}, {"fiscalDateEnding": "2008-06-30", "reportedCurrency": "USD", "grossProfit": "132000", "totalRevenue": "132000", "costOfRevenue": "3477000", "costofGoodsAndServicesSold": "3477000", "operatingIncome": "-2155000", "sellingGeneralAndAdministrative": "1044000", "researchAndDevelopment": "1179000", "operatingExpenses": "2287000", "investmentIncomeNet": "None", "netInterestIncome": "None", "interestIncome": "None", "interestExpense": "117000", "nonInterestIncome": "None", "otherNonOperatingIncome": "None", "depreciation": "None", "depreciationAndAmortization": "65000", "incomeBeforeTax": "-2243000", "incomeTaxExpense": "88000", "interestAndDebtExpense": "None", "netIncomeFromContinuingOperations": "0", "comprehensiveIncomeNetOfTax": "None", "ebit": "-2155000", "ebitda": "-2090000", "netIncome": "-2243000"}, {"fiscalDateEnding": "2008-03-31", "reportedCurrency": "USD", "grossProfit": "38000", "totalRevenue": "38000", "costOfRevenue": "3117000", "costofGoodsAndServicesSold": "3117000", "operatingIncome": "-10563000", "sellingGeneralAndAdministrative": "889000", "researchAndDevelopment": "9645000", "operatingExpenses": "10601000", "investmentIncomeNet": "None", "netInterestIncome": "None", "interestIncome": "None", "interestExpense": "108000", "nonInterestIncome": "None", "otherNonOperatingIncome": "None", "depreciation": "None", "depreciationAndAmortization": "67000", "incomeBeforeTax": "-10595000", "incomeTaxExpense": "32000", "interestAndDebtExpense": "None", "netIncomeFromContinuingOperations": "0", "comprehensiveIncomeNetOfTax": "None", "ebit": "-10563000", "ebitda": "-10496000", "netIncome": "-10595000"}, {"fiscalDateEnding": "2007-12-31", "reportedCurrency": "USD", "grossProfit": "51000", "totalRevenue": "51000", "costOfRevenue": "1894000", "costofGoodsAndServicesSold": "1894000", "operatingIncome": "-1912000", "sellingGeneralAndAdministrative": "957000", "researchAndDevelopment": "1070000", "operatingExpenses": "1963000", "investmentIncomeNet": "None", "netInterestIncome": "None", "interestIncome": "None", "interestExpense": "237000", "nonInterestIncome": "None", "otherNonOperatingIncome": "None", "depreciation": "None", "depreciationAndAmortization": "69000", "incomeBeforeTax": "8193000", "incomeTaxExpense": "14956000", "interestAndDebtExpense": "None", "netIncomeFromContinuingOperations": "0", "comprehensiveIncomeNetOfTax": "None", "ebit": "-1912000", "ebitda": "-1843000", "netIncome": "-13663000"}, {"fiscalDateEnding": "2007-09-30", "reportedCurrency": "USD", "grossProfit": "6000", "totalRevenue": "6000", "costOfRevenue": "1596000", "costofGoodsAndServicesSold": "1596000", "operatingIncome": "-1651000", "sellingGeneralAndAdministrative": "1000000", "researchAndDevelopment": "596000", "operatingExpenses": "1657000", "investmentIncomeNet": "None", "netInterestIncome": "None", "interestIncome": "None", "interestExpense": "318000", "nonInterestIncome": "None", "otherNonOperatingIncome": "None", "depreciation": "None", "depreciationAndAmortization": "61000", "incomeBeforeTax": "6236000", "incomeTaxExpense": "306000", "interestAndDebtExpense": "None", "netIncomeFromContinuingOperations": "0", "comprehensiveIncomeNetOfTax": "None", "ebit": "-1651000", "ebitda": "-1590000", "netIncome": "-1957000"}, {"fiscalDateEnding": "2007-06-30", "reportedCurrency": "USD", "grossProfit": "0", "totalRevenue": "0", "costOfRevenue": "1636000", "costofGoodsAndServicesSold": "1636000", "operatingIncome": "-1710000", "sellingGeneralAndAdministrative": "1113000", "researchAndDevelopment": "523000", "operatingExpenses": "1710000", "investmentIncomeNet": "None", "netInterestIncome": "None", "interestIncome": "None", "interestExpense": "424000", "nonInterestIncome": "None", "otherNonOperatingIncome": "None", "depreciation": "None", "depreciationAndAmortization": "175000", "incomeBeforeTax": "-6236000", "incomeTaxExpense": "399000", "interestAndDebtExpense": "None", "netIncomeFromContinuingOperations": "0", "comprehensiveIncomeNetOfTax": "None", "ebit": "-1710000", "ebitda": "-1535000", "netIncome": "-2109000"}, {"fiscalDateEnding": "2007-03-31", "reportedCurrency": "USD", "grossProfit": "550000000", "totalRevenue": "550000000", "costOfRevenue": "1552000", "costofGoodsAndServicesSold": "1552000", "operatingIncome": "-1627000", "sellingGeneralAndAdministrative": "666000000", "researchAndDevelopment": "413000", "operatingExpenses": "1627000", "investmentIncomeNet": "None", "netInterestIncome": "None", "interestIncome": "None", "interestExpense": "1299000", "nonInterestIncome": "None", "otherNonOperatingIncome": "None", "depreciation": "None", "depreciationAndAmortization": "2290000", "incomeBeforeTax": "4856000000", "incomeTaxExpense": "2500000", "interestAndDebtExpense": "None", "netIncomeFromContinuingOperations": "0", "comprehensiveIncomeNetOfTax": "None", "ebit": "-1627000", "ebitda": "663000", "netIncome": "-4127000"}, {"fiscalDateEnding": "2006-12-31", "reportedCurrency": "USD", "grossProfit": "0", "totalRevenue": "0", "costOfRevenue": "0", "costofGoodsAndServicesSold": "0", "operatingIncome": "-1046000", "sellingGeneralAndAdministrative": "684000", "researchAndDevelopment": "284000", "operatingExpenses": "1046000", "investmentIncomeNet": "None", "netInterestIncome": "None", "interestIncome": "None", "interestExpense": "2192000", "nonInterestIncome": "None", "otherNonOperatingIncome": "None", "depreciation": "None", "depreciationAndAmortization": "2636000", "incomeBeforeTax": "0", "incomeTaxExpense": "1626000", "interestAndDebtExpense": "None", "netIncomeFromContinuingOperations": "0", "comprehensiveIncomeNetOfTax": "None", "ebit": "-1046000", "ebitda": "1590000", "netIncome": "-2672000"}, {"fiscalDateEnding": "2006-09-30", "reportedCurrency": "USD", "grossProfit": "0", "totalRevenue": "0", "costOfRevenue": "0", "costofGoodsAndServicesSold": "0", "operatingIncome": "-1256000", "sellingGeneralAndAdministrative": "800000", "researchAndDevelopment": "379000", "operatingExpenses": "1256000", "investmentIncomeNet": "None", "netInterestIncome": "None", "interestIncome": "None", "interestExpense": "1976000", "nonInterestIncome": "None", "otherNonOperatingIncome": "None", "depreciation": "None", "depreciationAndAmortization": "1680000", "incomeBeforeTax": "-125000", "incomeTaxExpense": "759000", "interestAndDebtExpense": "None", "netIncomeFromContinuingOperations": "0", "comprehensiveIncomeNetOfTax": "None", "ebit": "-1256000", "ebitda": "424000", "netIncome": "-2015000"}, {"fiscalDateEnding": "2006-06-30", "reportedCurrency": "USD", "grossProfit": "0", "totalRevenue": "0", "costOfRevenue": "0", "costofGoodsAndServicesSold": "0", "operatingIncome": "-1374000", "sellingGeneralAndAdministrative": "663000", "researchAndDevelopment": "634000", "operatingExpenses": "1374000", "investmentIncomeNet": "None", "netInterestIncome": "None", "interestIncome": "None", "interestExpense": "1969000", "nonInterestIncome": "None", "otherNonOperatingIncome": "None", "depreciation": "None", "depreciationAndAmortization": "1679000", "incomeBeforeTax": "-1462000", "incomeTaxExpense": "1957000", "interestAndDebtExpense": "None", "netIncomeFromContinuingOperations": "0", "comprehensiveIncomeNetOfTax": "None", "ebit": "-1374000", "ebitda": "305000", "netIncome": "-3331000"}, {"fiscalDateEnding": "2006-03-31", "reportedCurrency": "USD", "grossProfit": "-1044000", "totalRevenue": "-641000", "costOfRevenue": "403000", "costofGoodsAndServicesSold": "403000", "operatingIncome": "-1499000", "sellingGeneralAndAdministrative": "666000000", "researchAndDevelopment": "756000", "operatingExpenses": "1499000", "investmentIncomeNet": "None", "netInterestIncome": "None", "interestIncome": "None", "interestExpense": "1299000", "nonInterestIncome": "None", "otherNonOperatingIncome": "None", "depreciation": "None", "depreciationAndAmortization": "1063000", "incomeBeforeTax": "-4856000000", "incomeTaxExpense": "3357000", "interestAndDebtExpense": "None", "netIncomeFromContinuingOperations": "0", "comprehensiveIncomeNetOfTax": "None", "ebit": "-1499000", "ebitda": "-436000", "netIncome": "-4856000"}, {"fiscalDateEnding": "2005-12-31", "reportedCurrency": "USD", "grossProfit": "114000", "totalRevenue": "237000", "costOfRevenue": "123000", "costofGoodsAndServicesSold": "123000", "operatingIncome": "-1636000", "sellingGeneralAndAdministrative": "1440000", "researchAndDevelopment": "893000", "operatingExpenses": "1750000", "investmentIncomeNet": "None", "netInterestIncome": "None", "interestIncome": "None", "interestExpense": "909000", "nonInterestIncome": "None", "otherNonOperatingIncome": "None", "depreciation": "None", "depreciationAndAmortization": "336000", "incomeBeforeTax": "0", "incomeTaxExpense": "0", "interestAndDebtExpense": "None", "netIncomeFromContinuingOperations": "0", "comprehensiveIncomeNetOfTax": "None", "ebit": "-2063000", "ebitda": "-1727000", "netIncome": "-2063000"}, {"fiscalDateEnding": "2005-09-30", "reportedCurrency": "USD", "grossProfit": "114000", "totalRevenue": "237000", "costOfRevenue": "123000", "costofGoodsAndServicesSold": "123000", "operatingIncome": "-1185000", "sellingGeneralAndAdministrative": "693000", "researchAndDevelopment": "410000", "operatingExpenses": "1185000", "investmentIncomeNet": "None", "netInterestIncome": "None", "interestIncome": "None", "interestExpense": "0", "nonInterestIncome": "None", "otherNonOperatingIncome": "None", "depreciation": "None", "depreciationAndAmortization": "336000", "incomeBeforeTax": "-1611000", "incomeTaxExpense": "427000", "interestAndDebtExpense": "None", "netIncomeFromContinuingOperations": "0", "comprehensiveIncomeNetOfTax": "None", "ebit": "-1185000", "ebitda": "-849000", "netIncome": "-2064000"}]}