{"symbol": "AMLX", "annualReports": [{"fiscalDateEnding": "2024-12-31", "reportedCurrency": "USD", "grossProfit": "45215000", "totalRevenue": "87371000", "costOfRevenue": "42156000", "costofGoodsAndServicesSold": "42156000", "operatingIncome": "-314731000", "sellingGeneralAndAdministrative": "111631000", "researchAndDevelopment": "104084000", "operatingExpenses": "359946000", "investmentIncomeNet": "None", "netInterestIncome": "13809000", "interestIncome": "13809000", "interestExpense": "None", "nonInterestIncome": "None", "otherNonOperatingIncome": "None", "depreciation": "None", "depreciationAndAmortization": "904000", "incomeBeforeTax": "-302136000", "incomeTaxExpense": "-393000", "interestAndDebtExpense": "None", "netIncomeFromContinuingOperations": "-301743000", "comprehensiveIncomeNetOfTax": "None", "ebit": "-291880000", "ebitda": "-290976000", "netIncome": "-301743000"}, {"fiscalDateEnding": "2023-12-31", "reportedCurrency": "USD", "grossProfit": "355345000", "totalRevenue": "380786000", "costOfRevenue": "25441000", "costofGoodsAndServicesSold": "25441000", "operatingIncome": "38802000", "sellingGeneralAndAdministrative": "178856000", "researchAndDevelopment": "128187000", "operatingExpenses": "316543000", "investmentIncomeNet": "None", "netInterestIncome": "16155000", "interestIncome": "16155000", "interestExpense": "None", "nonInterestIncome": "None", "otherNonOperatingIncome": "None", "depreciation": "None", "depreciationAndAmortization": "1088000", "incomeBeforeTax": "54297000", "incomeTaxExpense": "5026000", "interestAndDebtExpense": "None", "netIncomeFromContinuingOperations": "49271000", "comprehensiveIncomeNetOfTax": "None", "ebit": "38802000", "ebitda": "39890000", "netIncome": "49271000"}, {"fiscalDateEnding": "2022-12-31", "reportedCurrency": "USD", "grossProfit": "19237000", "totalRevenue": "22230000", "costOfRevenue": "2993000", "costofGoodsAndServicesSold": "2993000", "operatingIncome": "-201341000", "sellingGeneralAndAdministrative": "127128000", "researchAndDevelopment": "93450000", "operatingExpenses": "220578000", "investmentIncomeNet": "None", "netInterestIncome": "4291000", "interestIncome": "4291000", "interestExpense": "4291000", "nonInterestIncome": "None", "otherNonOperatingIncome": "3740000", "depreciation": "None", "depreciationAndAmortization": "487000", "incomeBeforeTax": "-197601000", "incomeTaxExpense": "774000", "interestAndDebtExpense": "None", "netIncomeFromContinuingOperations": "-198375000", "comprehensiveIncomeNetOfTax": "None", "ebit": "-201341000", "ebitda": "-200854000", "netIncome": "-198375000"}, {"fiscalDateEnding": "2021-12-31", "reportedCurrency": "USD", "grossProfit": "285000", "totalRevenue": "285000", "costOfRevenue": "52000", "costofGoodsAndServicesSold": "52000", "operatingIncome": "-82688000", "sellingGeneralAndAdministrative": "38933000", "researchAndDevelopment": "44040000", "operatingExpenses": "82688000", "investmentIncomeNet": "None", "netInterestIncome": "36000", "interestIncome": "36000", "interestExpense": "36000", "nonInterestIncome": "None", "otherNonOperatingIncome": "None", "depreciation": "None", "depreciationAndAmortization": "52000", "incomeBeforeTax": "-87931000", "incomeTaxExpense": "-52000", "interestAndDebtExpense": "None", "netIncomeFromContinuingOperations": "-87931000", "comprehensiveIncomeNetOfTax": "None", "ebit": "-82688000", "ebitda": "-82636000", "netIncome": "-87879000"}, {"fiscalDateEnding": "2020-12-31", "reportedCurrency": "USD", "grossProfit": "-23944000", "totalRevenue": "650000", "costOfRevenue": "24594000", "costofGoodsAndServicesSold": "24594000", "operatingIncome": "-39005000", "sellingGeneralAndAdministrative": "14861000", "researchAndDevelopment": "24594000", "operatingExpenses": "15061000", "investmentIncomeNet": "None", "netInterestIncome": "-2274000", "interestIncome": "14000", "interestExpense": "2288000", "nonInterestIncome": "None", "otherNonOperatingIncome": "None", "depreciation": "None", "depreciationAndAmortization": "1000", "incomeBeforeTax": "-42280000", "incomeTaxExpense": "2557000", "interestAndDebtExpense": "None", "netIncomeFromContinuingOperations": "-42280000", "comprehensiveIncomeNetOfTax": "None", "ebit": "-39005000", "ebitda": "-39004000", "netIncome": "-42280000"}, {"fiscalDateEnding": "2019-12-31", "reportedCurrency": "USD", "grossProfit": "-10473000", "totalRevenue": "1426000", "costOfRevenue": "11899000", "costofGoodsAndServicesSold": "11899000", "operatingIncome": "-13554000", "sellingGeneralAndAdministrative": "3081000", "researchAndDevelopment": "11899000", "operatingExpenses": "13554000", "investmentIncomeNet": "None", "netInterestIncome": "-1100000", "interestIncome": "176000", "interestExpense": "1276000", "nonInterestIncome": "None", "otherNonOperatingIncome": "None", "depreciation": "None", "depreciationAndAmortization": "13554000", "incomeBeforeTax": "-13716000", "incomeTaxExpense": "1100000", "interestAndDebtExpense": "None", "netIncomeFromContinuingOperations": "-13716000", "comprehensiveIncomeNetOfTax": "None", "ebit": "-12440000", "ebitda": "1114000", "netIncome": "-14816000"}], "quarterlyReports": [{"fiscalDateEnding": "2025-09-30", "reportedCurrency": "USD", "grossProfit": "-19855000", "totalRevenue": "0", "costOfRevenue": "19855000", "costofGoodsAndServicesSold": "19855000", "operatingIncome": "-36027000", "sellingGeneralAndAdministrative": "16172000", "researchAndDevelopment": "19855000", "operatingExpenses": "16172000", "investmentIncomeNet": "None", "netInterestIncome": "1821000", "interestIncome": "1821000", "interestExpense": "None", "nonInterestIncome": "None", "otherNonOperatingIncome": "None", "depreciation": "None", "depreciationAndAmortization": "120000", "incomeBeforeTax": "-34386000", "incomeTaxExpense": "None", "interestAndDebtExpense": "None", "netIncomeFromContinuingOperations": "-34386000", "comprehensiveIncomeNetOfTax": "None", "ebit": "-34386000", "ebitda": "-34266000", "netIncome": "-34386000"}, {"fiscalDateEnding": "2025-06-30", "reportedCurrency": "USD", "grossProfit": "-141000", "totalRevenue": "0", "costOfRevenue": "141000", "costofGoodsAndServicesSold": "141000", "operatingIncome": "-42857000", "sellingGeneralAndAdministrative": "15640000", "researchAndDevelopment": "27076000", "operatingExpenses": "42716000", "investmentIncomeNet": "None", "netInterestIncome": "1960000", "interestIncome": "1960000", "interestExpense": "None", "nonInterestIncome": "None", "otherNonOperatingIncome": "None", "depreciation": "None", "depreciationAndAmortization": "141000", "incomeBeforeTax": "-41443000", "incomeTaxExpense": "None", "interestAndDebtExpense": "None", "netIncomeFromContinuingOperations": "-41443000", "comprehensiveIncomeNetOfTax": "None", "ebit": "-41443000", "ebitda": "-41302000", "netIncome": "-41443000"}, {"fiscalDateEnding": "2025-03-31", "reportedCurrency": "USD", "grossProfit": "0", "totalRevenue": "0", "costOfRevenue": "0", "costofGoodsAndServicesSold": "0", "operatingIncome": "-37803000", "sellingGeneralAndAdministrative": "15684000", "researchAndDevelopment": "22119000", "operatingExpenses": "37803000", "investmentIncomeNet": "None", "netInterestIncome": "2231000", "interestIncome": "2231000", "interestExpense": "None", "nonInterestIncome": "None", "otherNonOperatingIncome": "None", "depreciation": "None", "depreciationAndAmortization": "156000", "incomeBeforeTax": "-35907000", "incomeTaxExpense": "None", "interestAndDebtExpense": "None", "netIncomeFromContinuingOperations": "-35907000", "comprehensiveIncomeNetOfTax": "None", "ebit": "-37803000", "ebitda": "-37647000", "netIncome": "-35907000"}, {"fiscalDateEnding": "2024-12-31", "reportedCurrency": "USD", "grossProfit": "-665000", "totalRevenue": "-665000", "costOfRevenue": "160000", "costofGoodsAndServicesSold": "160000", "operatingIncome": "-40654000", "sellingGeneralAndAdministrative": "14397000", "researchAndDevelopment": "22892000", "operatingExpenses": "39989000", "investmentIncomeNet": "None", "netInterestIncome": "2316000", "interestIncome": "2316000", "interestExpense": "None", "nonInterestIncome": "None", "otherNonOperatingIncome": "None", "depreciation": "None", "depreciationAndAmortization": "160000", "incomeBeforeTax": "-38181000", "incomeTaxExpense": "-635000", "interestAndDebtExpense": "None", "netIncomeFromContinuingOperations": "-37546000", "comprehensiveIncomeNetOfTax": "None", "ebit": "-40654000", "ebitda": "-40494000", "netIncome": "-37546000"}, {"fiscalDateEnding": "2024-09-30", "reportedCurrency": "USD", "grossProfit": "-393000", "totalRevenue": "416000", "costOfRevenue": "809000", "costofGoodsAndServicesSold": "809000", "operatingIncome": "-75661000", "sellingGeneralAndAdministrative": "17828000", "researchAndDevelopment": "21237000", "operatingExpenses": "75268000", "investmentIncomeNet": "None", "netInterestIncome": "3098000", "interestIncome": "3098000", "interestExpense": "None", "nonInterestIncome": "None", "otherNonOperatingIncome": "None", "depreciation": "None", "depreciationAndAmortization": "221000", "incomeBeforeTax": "-72704000", "incomeTaxExpense": "-72704000", "interestAndDebtExpense": "None", "netIncomeFromContinuingOperations": "-72704000", "comprehensiveIncomeNetOfTax": "None", "ebit": "-75661000", "ebitda": "-75440000", "netIncome": "-72704000"}, {"fiscalDateEnding": "2024-06-30", "reportedCurrency": "USD", "grossProfit": "-8649000", "totalRevenue": "-1023000", "costOfRevenue": "7626000", "costofGoodsAndServicesSold": "7626000", "operatingIncome": "-53435000", "sellingGeneralAndAdministrative": "21647000", "researchAndDevelopment": "23139000", "operatingExpenses": "44786000", "investmentIncomeNet": "None", "netInterestIncome": "4069000", "interestIncome": "4069000", "interestExpense": "None", "nonInterestIncome": "None", "otherNonOperatingIncome": "None", "depreciation": "None", "depreciationAndAmortization": "208000", "incomeBeforeTax": "-72700000", "incomeTaxExpense": "None", "interestAndDebtExpense": "None", "netIncomeFromContinuingOperations": "-72700000", "comprehensiveIncomeNetOfTax": "None", "ebit": "-53435000", "ebitda": "-53227000", "netIncome": "-72700000"}, {"fiscalDateEnding": "2024-03-31", "reportedCurrency": "USD", "grossProfit": "-27763000", "totalRevenue": "88643000", "costOfRevenue": "116406000", "costofGoodsAndServicesSold": "116406000", "operatingIncome": "-122130000", "sellingGeneralAndAdministrative": "57759000", "researchAndDevelopment": "36608000", "operatingExpenses": "94367000", "investmentIncomeNet": "None", "netInterestIncome": "4326000", "interestIncome": "4326000", "interestExpense": "None", "nonInterestIncome": "None", "otherNonOperatingIncome": "None", "depreciation": "None", "depreciationAndAmortization": "315000", "incomeBeforeTax": "-118551000", "incomeTaxExpense": "242000", "interestAndDebtExpense": "None", "netIncomeFromContinuingOperations": "-118793000", "comprehensiveIncomeNetOfTax": "None", "ebit": "-122130000", "ebitda": "-121815000", "netIncome": "-118793000"}, {"fiscalDateEnding": "2023-12-31", "reportedCurrency": "USD", "grossProfit": "99089000", "totalRevenue": "108449000", "costOfRevenue": "9360000", "costofGoodsAndServicesSold": "9360000", "operatingIncome": "1934000", "sellingGeneralAndAdministrative": "42741000", "researchAndDevelopment": "44914000", "operatingExpenses": "97155000", "investmentIncomeNet": "None", "netInterestIncome": "4371000", "interestIncome": "4371000", "interestExpense": "3456000", "nonInterestIncome": "None", "otherNonOperatingIncome": "None", "depreciation": "None", "depreciationAndAmortization": "301000", "incomeBeforeTax": "6476000", "incomeTaxExpense": "1745000", "interestAndDebtExpense": "None", "netIncomeFromContinuingOperations": "4731000", "comprehensiveIncomeNetOfTax": "None", "ebit": "1934000", "ebitda": "2235000", "netIncome": "4731000"}, {"fiscalDateEnding": "2023-09-30", "reportedCurrency": "USD", "grossProfit": "97475000", "totalRevenue": "102693000", "costOfRevenue": "5218000", "costofGoodsAndServicesSold": "5218000", "operatingIncome": "18720000", "sellingGeneralAndAdministrative": "48718000", "researchAndDevelopment": "30037000", "operatingExpenses": "78755000", "investmentIncomeNet": "None", "netInterestIncome": "4179000", "interestIncome": "4179000", "interestExpense": "None", "nonInterestIncome": "None", "otherNonOperatingIncome": "None", "depreciation": "None", "depreciationAndAmortization": "302000", "incomeBeforeTax": "22411000", "incomeTaxExpense": "1518000", "interestAndDebtExpense": "None", "netIncomeFromContinuingOperations": "20893000", "comprehensiveIncomeNetOfTax": "None", "ebit": "18720000", "ebitda": "19022000", "netIncome": "20893000"}, {"fiscalDateEnding": "2023-06-30", "reportedCurrency": "USD", "grossProfit": "92636000", "totalRevenue": "98216000", "costOfRevenue": "5580000", "costofGoodsAndServicesSold": "5580000", "operatingIncome": "20201000", "sellingGeneralAndAdministrative": "43391000", "researchAndDevelopment": "29044000", "operatingExpenses": "72435000", "investmentIncomeNet": "None", "netInterestIncome": "3887000", "interestIncome": "3887000", "interestExpense": "None", "nonInterestIncome": "None", "otherNonOperatingIncome": "None", "depreciation": "None", "depreciationAndAmortization": "281000", "incomeBeforeTax": "24007000", "incomeTaxExpense": "1933000", "interestAndDebtExpense": "None", "netIncomeFromContinuingOperations": "22074000", "comprehensiveIncomeNetOfTax": "None", "ebit": "20201000", "ebitda": "20482000", "netIncome": "22074000"}, {"fiscalDateEnding": "2023-03-31", "reportedCurrency": "USD", "grossProfit": "66145000", "totalRevenue": "71428000", "costOfRevenue": "5283000", "costofGoodsAndServicesSold": "5283000", "operatingIncome": "-2053000", "sellingGeneralAndAdministrative": "44006000", "researchAndDevelopment": "24192000", "operatingExpenses": "68198000", "investmentIncomeNet": "None", "netInterestIncome": "3718000", "interestIncome": "3718000", "interestExpense": "3456000", "nonInterestIncome": "None", "otherNonOperatingIncome": "3456000", "depreciation": "None", "depreciationAndAmortization": "204000", "incomeBeforeTax": "1403000", "incomeTaxExpense": "-170000", "interestAndDebtExpense": "None", "netIncomeFromContinuingOperations": "1573000", "comprehensiveIncomeNetOfTax": "None", "ebit": "-2053000", "ebitda": "-1849000", "netIncome": "1573000"}, {"fiscalDateEnding": "2022-12-31", "reportedCurrency": "USD", "grossProfit": "19064000", "totalRevenue": "21885000", "costOfRevenue": "2821000", "costofGoodsAndServicesSold": "2821000", "operatingIncome": "-44593000", "sellingGeneralAndAdministrative": "56344000", "researchAndDevelopment": "22813000", "operatingExpenses": "63657000", "investmentIncomeNet": "None", "netInterestIncome": "3157000", "interestIncome": "3157000", "interestExpense": "3157000", "nonInterestIncome": "None", "otherNonOperatingIncome": "2468000", "depreciation": "None", "depreciationAndAmortization": "182000", "incomeBeforeTax": "-42125000", "incomeTaxExpense": "579000", "interestAndDebtExpense": "None", "netIncomeFromContinuingOperations": "-42704000", "comprehensiveIncomeNetOfTax": "None", "ebit": "-44593000", "ebitda": "-44411000", "netIncome": "-42704000"}, {"fiscalDateEnding": "2022-09-30", "reportedCurrency": "USD", "grossProfit": "173000", "totalRevenue": "345000", "costOfRevenue": "172000", "costofGoodsAndServicesSold": "172000", "operatingIncome": "-54681000", "sellingGeneralAndAdministrative": "29940000", "researchAndDevelopment": "24914000", "operatingExpenses": "54854000", "investmentIncomeNet": "None", "netInterestIncome": "601000", "interestIncome": "601000", "interestExpense": "601000", "nonInterestIncome": "None", "otherNonOperatingIncome": "800000", "depreciation": "None", "depreciationAndAmortization": "165000", "incomeBeforeTax": "-53881000", "incomeTaxExpense": "-125000", "interestAndDebtExpense": "None", "netIncomeFromContinuingOperations": "-53756000", "comprehensiveIncomeNetOfTax": "None", "ebit": "-54681000", "ebitda": "-54516000", "netIncome": "-53756000"}, {"fiscalDateEnding": "2022-06-30", "reportedCurrency": "USD", "grossProfit": "-105000", "totalRevenue": "0", "costOfRevenue": "105000", "costofGoodsAndServicesSold": "105000", "operatingIncome": "-54253000", "sellingGeneralAndAdministrative": "29994000", "researchAndDevelopment": "24259000", "operatingExpenses": "54253000", "investmentIncomeNet": "None", "netInterestIncome": "402000", "interestIncome": "402000", "interestExpense": "402000", "nonInterestIncome": "None", "otherNonOperatingIncome": "360000", "depreciation": "None", "depreciationAndAmortization": "105000", "incomeBeforeTax": "-53893000", "incomeTaxExpense": "174000", "interestAndDebtExpense": "None", "netIncomeFromContinuingOperations": "-54067000", "comprehensiveIncomeNetOfTax": "None", "ebit": "-54253000", "ebitda": "-54148000", "netIncome": "-54067000"}, {"fiscalDateEnding": "2022-03-31", "reportedCurrency": "USD", "grossProfit": "-35000", "totalRevenue": "0", "costOfRevenue": "35000", "costofGoodsAndServicesSold": "35000", "operatingIncome": "-47814000", "sellingGeneralAndAdministrative": "26350000", "researchAndDevelopment": "21464000", "operatingExpenses": "47814000", "investmentIncomeNet": "None", "netInterestIncome": "131000", "interestIncome": "131000", "interestExpense": "131000", "nonInterestIncome": "None", "otherNonOperatingIncome": "112000", "depreciation": "None", "depreciationAndAmortization": "35000", "incomeBeforeTax": "-47702000", "incomeTaxExpense": "146000", "interestAndDebtExpense": "None", "netIncomeFromContinuingOperations": "-47848000", "comprehensiveIncomeNetOfTax": "None", "ebit": "-47814000", "ebitda": "-47779000", "netIncome": "-47848000"}, {"fiscalDateEnding": "2021-12-31", "reportedCurrency": "USD", "grossProfit": "-22000", "totalRevenue": "0", "costOfRevenue": "22000", "costofGoodsAndServicesSold": "22000", "operatingIncome": "-28315000", "sellingGeneralAndAdministrative": "14921000", "researchAndDevelopment": "13394000", "operatingExpenses": "28315000", "investmentIncomeNet": "None", "netInterestIncome": "30000", "interestIncome": "30000", "interestExpense": "30000", "nonInterestIncome": "None", "otherNonOperatingIncome": "None", "depreciation": "None", "depreciationAndAmortization": "22000", "incomeBeforeTax": "-28344000", "incomeTaxExpense": "-30000", "interestAndDebtExpense": "None", "netIncomeFromContinuingOperations": "-28344000", "comprehensiveIncomeNetOfTax": "None", "ebit": "-28344000", "ebitda": "-28322000", "netIncome": "-28344000"}, {"fiscalDateEnding": "2021-09-30", "reportedCurrency": "USD", "grossProfit": "-12568000", "totalRevenue": "285000", "costOfRevenue": "12853000", "costofGoodsAndServicesSold": "12853000", "operatingIncome": "-22918000", "sellingGeneralAndAdministrative": "10350000", "researchAndDevelopment": "12853000", "operatingExpenses": "22918000", "investmentIncomeNet": "None", "netInterestIncome": "3000", "interestIncome": "3000", "interestExpense": "3000", "nonInterestIncome": "None", "otherNonOperatingIncome": "None", "depreciation": "None", "depreciationAndAmortization": "10000", "incomeBeforeTax": "-23142000", "incomeTaxExpense": "221000", "interestAndDebtExpense": "None", "netIncomeFromContinuingOperations": "-23142000", "comprehensiveIncomeNetOfTax": "None", "ebit": "-22918000", "ebitda": "-22908000", "netIncome": "-23142000"}, {"fiscalDateEnding": "2021-06-30", "reportedCurrency": "USD", "grossProfit": "-10000", "totalRevenue": "0", "costOfRevenue": "10000", "costofGoodsAndServicesSold": "10000", "operatingIncome": "-18587000", "sellingGeneralAndAdministrative": "7658000", "researchAndDevelopment": "10929000", "operatingExpenses": "18587000", "investmentIncomeNet": "None", "netInterestIncome": "1000", "interestIncome": "1000", "interestExpense": "1000", "nonInterestIncome": "None", "otherNonOperatingIncome": "None", "depreciation": "None", "depreciationAndAmortization": "10000", "incomeBeforeTax": "-21922000", "incomeTaxExpense": "3334000", "interestAndDebtExpense": "None", "netIncomeFromContinuingOperations": "-21922000", "comprehensiveIncomeNetOfTax": "None", "ebit": "-18587000", "ebitda": "-18577000", "netIncome": "-21922000"}, {"fiscalDateEnding": "2021-03-31", "reportedCurrency": "USD", "grossProfit": "-10000", "totalRevenue": "0", "costOfRevenue": "10000", "costofGoodsAndServicesSold": "10000", "operatingIncome": "-12868000", "sellingGeneralAndAdministrative": "6004000", "researchAndDevelopment": "6864000", "operatingExpenses": "12868000", "investmentIncomeNet": "None", "netInterestIncome": "2000", "interestIncome": "2000", "interestExpense": "2000", "nonInterestIncome": "None", "otherNonOperatingIncome": "None", "depreciation": "None", "depreciationAndAmortization": "10000", "incomeBeforeTax": "-14523000", "incomeTaxExpense": "1653000", "interestAndDebtExpense": "None", "netIncomeFromContinuingOperations": "-14523000", "comprehensiveIncomeNetOfTax": "None", "ebit": "-12868000", "ebitda": "-12858000", "netIncome": "-14523000"}, {"fiscalDateEnding": "2020-12-31", "reportedCurrency": "USD", "grossProfit": "-4663000", "totalRevenue": "350000", "costOfRevenue": "5013000", "costofGoodsAndServicesSold": "5013000", "operatingIncome": "-8592000", "sellingGeneralAndAdministrative": "3929000", "researchAndDevelopment": "5013000", "operatingExpenses": "8592000", "investmentIncomeNet": "None", "netInterestIncome": "-1000", "interestIncome": "0", "interestExpense": "1000", "nonInterestIncome": "None", "otherNonOperatingIncome": "None", "depreciation": "None", "depreciationAndAmortization": "1000", "incomeBeforeTax": "-8592000", "incomeTaxExpense": "2000", "interestAndDebtExpense": "None", "netIncomeFromContinuingOperations": "-8592000", "comprehensiveIncomeNetOfTax": "None", "ebit": "-8591000", "ebitda": "-8590000", "netIncome": "-8592000"}]}