{"symbol": "ASTS", "annualReports": [{"fiscalDateEnding": "2024-12-31", "reportedCurrency": "USD", "grossProfit": "4418000", "totalRevenue": "4418000", "costOfRevenue": "63340000", "costofGoodsAndServicesSold": "63340000", "operatingIncome": "-242762000", "sellingGeneralAndAdministrative": "61566000", "researchAndDevelopment": "122274000", "operatingExpenses": "247180000", "investmentIncomeNet": "None", "netInterestIncome": "-4517000", "interestIncome": "14164000", "interestExpense": "18681000", "nonInterestIncome": "None", "otherNonOperatingIncome": "None", "depreciation": "None", "depreciationAndAmortization": "63340000", "incomeBeforeTax": "-525002000", "incomeTaxExpense": "1328000", "interestAndDebtExpense": "None", "netIncomeFromContinuingOperations": "-526330000", "comprehensiveIncomeNetOfTax": "None", "ebit": "-506321000", "ebitda": "-442981000", "netIncome": "-300083000"}, {"fiscalDateEnding": "2023-12-31", "reportedCurrency": "USD", "grossProfit": "-30127000", "totalRevenue": "24342000", "costOfRevenue": "54469000", "costofGoodsAndServicesSold": "54469000", "operatingIncome": "-222367000", "sellingGeneralAndAdministrative": "41601000", "researchAndDevelopment": "126297000", "operatingExpenses": "222367000", "investmentIncomeNet": "None", "netInterestIncome": "2675000", "interestIncome": "2675000", "interestExpense": "4511000", "nonInterestIncome": "None", "otherNonOperatingIncome": "None", "depreciation": "None", "depreciationAndAmortization": "54469000", "incomeBeforeTax": "-220996000", "incomeTaxExpense": "1681000", "interestAndDebtExpense": "None", "netIncomeFromContinuingOperations": "-170642000", "comprehensiveIncomeNetOfTax": "None", "ebit": "-216485000", "ebitda": "-162016000", "netIncome": "-87561000"}, {"fiscalDateEnding": "2022-12-31", "reportedCurrency": "USD", "grossProfit": "7111000", "totalRevenue": "13825000", "costOfRevenue": "6714000", "costofGoodsAndServicesSold": "6714000", "operatingIncome": "-145764000", "sellingGeneralAndAdministrative": "48332000", "researchAndDevelopment": "99832000", "operatingExpenses": "152875000", "investmentIncomeNet": "None", "netInterestIncome": "2633000", "interestIncome": "2633000", "interestExpense": "216000", "nonInterestIncome": "None", "otherNonOperatingIncome": "None", "depreciation": "None", "depreciationAndAmortization": "4711000", "incomeBeforeTax": "-102496000", "incomeTaxExpense": "617000", "interestAndDebtExpense": "None", "netIncomeFromContinuingOperations": "-103113000", "comprehensiveIncomeNetOfTax": "None", "ebit": "-102280000", "ebitda": "-97569000", "netIncome": "-31640000"}, {"fiscalDateEnding": "2021-12-31", "reportedCurrency": "USD", "grossProfit": "4842000", "totalRevenue": "12405000", "costOfRevenue": "7563000", "costofGoodsAndServicesSold": "7563000", "operatingIncome": "-83833000", "sellingGeneralAndAdministrative": "34633000", "researchAndDevelopment": "53039000", "operatingExpenses": "88675000", "investmentIncomeNet": "None", "netInterestIncome": "None", "interestIncome": "None", "interestExpense": "72290000", "nonInterestIncome": "None", "otherNonOperatingIncome": "None", "depreciation": "None", "depreciationAndAmortization": "2913000", "incomeBeforeTax": "-72930000", "incomeTaxExpense": "331000", "interestAndDebtExpense": "None", "netIncomeFromContinuingOperations": "-73261000", "comprehensiveIncomeNetOfTax": "None", "ebit": "-86746000", "ebitda": "-83833000", "netIncome": "-30553000"}, {"fiscalDateEnding": "2020-12-31", "reportedCurrency": "USD", "grossProfit": "2942000", "totalRevenue": "5967000", "costOfRevenue": "3025000", "costofGoodsAndServicesSold": "3025000", "operatingIncome": "-23470000", "sellingGeneralAndAdministrative": "12320000", "researchAndDevelopment": "14092000", "operatingExpenses": "26412000", "investmentIncomeNet": "None", "netInterestIncome": "61000", "interestIncome": "71000", "interestExpense": "10000", "nonInterestIncome": "None", "otherNonOperatingIncome": "-50670184", "depreciation": "None", "depreciationAndAmortization": "887000", "incomeBeforeTax": "-24274000", "incomeTaxExpense": "131000", "interestAndDebtExpense": "None", "netIncomeFromContinuingOperations": "-24405000", "comprehensiveIncomeNetOfTax": "None", "ebit": "-24357000", "ebitda": "-23470000", "netIncome": "-24061000"}, {"fiscalDateEnding": "2019-12-31", "reportedCurrency": "USD", "grossProfit": "460000", "totalRevenue": "1414000", "costOfRevenue": "954000", "costofGoodsAndServicesSold": "954000", "operatingIncome": "-10888000", "sellingGeneralAndAdministrative": "5404000", "researchAndDevelopment": "5944000", "operatingExpenses": "11348000", "investmentIncomeNet": "None", "netInterestIncome": "None", "interestIncome": "None", "interestExpense": "484024", "nonInterestIncome": "None", "otherNonOperatingIncome": "None", "depreciation": "None", "depreciationAndAmortization": "188000", "incomeBeforeTax": "-11097000", "incomeTaxExpense": "44000", "interestAndDebtExpense": "None", "netIncomeFromContinuingOperations": "None", "comprehensiveIncomeNetOfTax": "None", "ebit": "-11062000", "ebitda": "-10874000", "netIncome": "-10885000"}, {"fiscalDateEnding": "2018-12-31", "reportedCurrency": "USD", "grossProfit": "193000", "totalRevenue": "356000", "costOfRevenue": "163000", "costofGoodsAndServicesSold": "163000", "operatingIncome": "-4579000", "sellingGeneralAndAdministrative": "2461000", "researchAndDevelopment": "2279000", "operatingExpenses": "4771000", "investmentIncomeNet": "None", "netInterestIncome": "None", "interestIncome": "None", "interestExpense": "0", "nonInterestIncome": "None", "otherNonOperatingIncome": "None", "depreciation": "None", "depreciationAndAmortization": "32000", "incomeBeforeTax": "-4574000", "incomeTaxExpense": "15000", "interestAndDebtExpense": "None", "netIncomeFromContinuingOperations": "None", "comprehensiveIncomeNetOfTax": "None", "ebit": "-4579000", "ebitda": "-4547000", "netIncome": "-4438000"}], "quarterlyReports": [{"fiscalDateEnding": "2025-09-30", "reportedCurrency": "USD", "grossProfit": "9228000", "totalRevenue": "14739000", "costOfRevenue": "5511000", "costofGoodsAndServicesSold": "5511000", "operatingIncome": "-79676000", "sellingGeneralAndAdministrative": "29822000", "researchAndDevelopment": "46366000", "operatingExpenses": "88904000", "investmentIncomeNet": "None", "netInterestIncome": "4694000", "interestIncome": "12239000", "interestExpense": "7545000", "nonInterestIncome": "None", "otherNonOperatingIncome": "None", "depreciation": "None", "depreciationAndAmortization": "12716000", "incomeBeforeTax": "-163453000", "incomeTaxExpense": "374000", "interestAndDebtExpense": "None", "netIncomeFromContinuingOperations": "-163827000", "comprehensiveIncomeNetOfTax": "None", "ebit": "-155908000", "ebitda": "-143192000", "netIncome": "-122874000"}, {"fiscalDateEnding": "2025-06-30", "reportedCurrency": "USD", "grossProfit": "1156000", "totalRevenue": "1156000", "costOfRevenue": "11720000", "costofGoodsAndServicesSold": "11720000", "operatingIncome": "-72797000", "sellingGeneralAndAdministrative": "27242000", "researchAndDevelopment": "34991000", "operatingExpenses": "73953000", "investmentIncomeNet": "None", "netInterestIncome": "2360000", "interestIncome": "8017000", "interestExpense": "5657000", "nonInterestIncome": "None", "otherNonOperatingIncome": "None", "depreciation": "None", "depreciationAndAmortization": "11720000", "incomeBeforeTax": "-135161000", "incomeTaxExpense": "742000", "interestAndDebtExpense": "None", "netIncomeFromContinuingOperations": "-135903000", "comprehensiveIncomeNetOfTax": "None", "ebit": "-129504000", "ebitda": "-117784000", "netIncome": "-99394000"}, {"fiscalDateEnding": "2025-03-31", "reportedCurrency": "USD", "grossProfit": "-26486000", "totalRevenue": "718000", "costOfRevenue": "27204000", "costofGoodsAndServicesSold": "27204000", "operatingIncome": "-62963000", "sellingGeneralAndAdministrative": "18384000", "researchAndDevelopment": "7135000", "operatingExpenses": "36477000", "investmentIncomeNet": "None", "netInterestIncome": "3460000", "interestIncome": "8196000", "interestExpense": "4736000", "nonInterestIncome": "None", "otherNonOperatingIncome": "None", "depreciation": "None", "depreciationAndAmortization": "11267000", "incomeBeforeTax": "-63460000", "incomeTaxExpense": "168000", "interestAndDebtExpense": "None", "netIncomeFromContinuingOperations": "-63628000", "comprehensiveIncomeNetOfTax": "None", "ebit": "-58724000", "ebitda": "-47457000", "netIncome": "-45706000"}, {"fiscalDateEnding": "2024-12-31", "reportedCurrency": "USD", "grossProfit": "1918000", "totalRevenue": "1918000", "costOfRevenue": "8460000", "costofGoodsAndServicesSold": "8460000", "operatingIncome": "-50264000", "sellingGeneralAndAdministrative": "10390000", "researchAndDevelopment": "36293000", "operatingExpenses": "52182000", "investmentIncomeNet": "None", "netInterestIncome": "1329000", "interestIncome": "None", "interestExpense": "14700000", "nonInterestIncome": "None", "otherNonOperatingIncome": "None", "depreciation": "None", "depreciationAndAmortization": "8460000", "incomeBeforeTax": "-51940000", "incomeTaxExpense": "156000", "interestAndDebtExpense": "None", "netIncomeFromContinuingOperations": "-52096000", "comprehensiveIncomeNetOfTax": "None", "ebit": "-58724000", "ebitda": "-50264000", "netIncome": "-35857000"}, {"fiscalDateEnding": "2024-09-30", "reportedCurrency": "USD", "grossProfit": "1100000", "totalRevenue": "1100000", "costOfRevenue": "14543000", "costofGoodsAndServicesSold": "14543000", "operatingIncome": "-65546000", "sellingGeneralAndAdministrative": "15551000", "researchAndDevelopment": "36552000", "operatingExpenses": "66646000", "investmentIncomeNet": "None", "netInterestIncome": "-1386000", "interestIncome": "4014000", "interestExpense": "1386000", "nonInterestIncome": "None", "otherNonOperatingIncome": "None", "depreciation": "None", "depreciationAndAmortization": "14543000", "incomeBeforeTax": "-302434000", "incomeTaxExpense": "646000", "interestAndDebtExpense": "None", "netIncomeFromContinuingOperations": "-303080000", "comprehensiveIncomeNetOfTax": "None", "ebit": "-301048000", "ebitda": "-286505000", "netIncome": "-171946000"}, {"fiscalDateEnding": "2024-06-30", "reportedCurrency": "USD", "grossProfit": "900000", "totalRevenue": "900000", "costOfRevenue": "20392000", "costofGoodsAndServicesSold": "20392000", "operatingIncome": "-62993000", "sellingGeneralAndAdministrative": "17839000", "researchAndDevelopment": "25662000", "operatingExpenses": "63893000", "investmentIncomeNet": "None", "netInterestIncome": "-2238000", "interestIncome": "2698000", "interestExpense": "4936000", "nonInterestIncome": "None", "otherNonOperatingIncome": "None", "depreciation": "None", "depreciationAndAmortization": "20392000", "incomeBeforeTax": "-131119000", "incomeTaxExpense": "231000", "interestAndDebtExpense": "None", "netIncomeFromContinuingOperations": "-131350000", "comprehensiveIncomeNetOfTax": "None", "ebit": "-126183000", "ebitda": "-105791000", "netIncome": "-72550000"}, {"fiscalDateEnding": "2024-03-31", "reportedCurrency": "USD", "grossProfit": "500000", "totalRevenue": "500000", "costOfRevenue": "19511000", "costofGoodsAndServicesSold": "19511000", "operatingIncome": "-55500000", "sellingGeneralAndAdministrative": "12287000", "researchAndDevelopment": "23768000", "operatingExpenses": "56000000", "investmentIncomeNet": "None", "netInterestIncome": "-2222000", "interestIncome": "2289000", "interestExpense": "4511000", "nonInterestIncome": "None", "otherNonOperatingIncome": "None", "depreciation": "None", "depreciationAndAmortization": "19945000", "incomeBeforeTax": "-39510000", "incomeTaxExpense": "294000", "interestAndDebtExpense": "None", "netIncomeFromContinuingOperations": "-39804000", "comprehensiveIncomeNetOfTax": "None", "ebit": "-34999000", "ebitda": "-15054000", "netIncome": "-19730000"}, {"fiscalDateEnding": "2023-12-31", "reportedCurrency": "USD", "grossProfit": "0", "totalRevenue": "0", "costOfRevenue": "0", "costofGoodsAndServicesSold": "0", "operatingIncome": "-60878000", "sellingGeneralAndAdministrative": "10528000", "researchAndDevelopment": "30758000", "operatingExpenses": "60878000", "investmentIncomeNet": "None", "netInterestIncome": "None", "interestIncome": "None", "interestExpense": "None", "nonInterestIncome": "None", "otherNonOperatingIncome": "None", "depreciation": "None", "depreciationAndAmortization": "None", "incomeBeforeTax": "-75035000", "incomeTaxExpense": "None", "interestAndDebtExpense": "None", "netIncomeFromContinuingOperations": "-77124000", "comprehensiveIncomeNetOfTax": "None", "ebit": "-60878000", "ebitda": "None", "netIncome": "-31926000"}, {"fiscalDateEnding": "2023-09-30", "reportedCurrency": "USD", "grossProfit": "-19523000", "totalRevenue": "0", "costOfRevenue": "19523000", "costofGoodsAndServicesSold": "19523000", "operatingIncome": "-58965000", "sellingGeneralAndAdministrative": "10995000", "researchAndDevelopment": "28941000", "operatingExpenses": "58965000", "investmentIncomeNet": "None", "netInterestIncome": "495000", "interestIncome": "None", "interestExpense": "None", "nonInterestIncome": "None", "otherNonOperatingIncome": "None", "depreciation": "None", "depreciationAndAmortization": "19029000", "incomeBeforeTax": "-50482000", "incomeTaxExpense": "266000", "interestAndDebtExpense": "None", "netIncomeFromContinuingOperations": "-50748000", "comprehensiveIncomeNetOfTax": "None", "ebit": "-50482000", "ebitda": "-31453000", "netIncome": "-20909000"}, {"fiscalDateEnding": "2023-06-30", "reportedCurrency": "USD", "grossProfit": "-22813000", "totalRevenue": "0", "costOfRevenue": "22813000", "costofGoodsAndServicesSold": "22813000", "operatingIncome": "-58070000", "sellingGeneralAndAdministrative": "10221000", "researchAndDevelopment": "33734000", "operatingExpenses": "58070000", "investmentIncomeNet": "None", "netInterestIncome": "1724000", "interestIncome": "None", "interestExpense": "1217000", "nonInterestIncome": "None", "otherNonOperatingIncome": "-6475000", "depreciation": "None", "depreciationAndAmortization": "14187000", "incomeBeforeTax": "-50378000", "incomeTaxExpense": "-789000", "interestAndDebtExpense": "None", "netIncomeFromContinuingOperations": "-49589000", "comprehensiveIncomeNetOfTax": "None", "ebit": "-50378000", "ebitda": "-36191000", "netIncome": "-18408000"}, {"fiscalDateEnding": "2023-03-31", "reportedCurrency": "USD", "grossProfit": "-16483000", "totalRevenue": "0", "costOfRevenue": "16483000", "costofGoodsAndServicesSold": "16483000", "operatingIncome": "-44454000", "sellingGeneralAndAdministrative": "9857000", "researchAndDevelopment": "32864000", "operatingExpenses": "44454000", "investmentIncomeNet": "None", "netInterestIncome": "2093000", "interestIncome": "None", "interestExpense": "35750000", "nonInterestIncome": "None", "otherNonOperatingIncome": "7498000", "depreciation": "None", "depreciationAndAmortization": "2039000", "incomeBeforeTax": "-45100000", "incomeTaxExpense": "116000", "interestAndDebtExpense": "None", "netIncomeFromContinuingOperations": "-45216000", "comprehensiveIncomeNetOfTax": "None", "ebit": "-45100000", "ebitda": "-43061000", "netIncome": "-16318000"}, {"fiscalDateEnding": "2022-12-31", "reportedCurrency": "USD", "grossProfit": "-13611000", "totalRevenue": "2393000", "costOfRevenue": "16004000", "costofGoodsAndServicesSold": "16004000", "operatingIncome": "-42607000", "sellingGeneralAndAdministrative": "8568000", "researchAndDevelopment": "30655000", "operatingExpenses": "42607000", "investmentIncomeNet": "None", "netInterestIncome": "None", "interestIncome": "None", "interestExpense": "22023000", "nonInterestIncome": "None", "otherNonOperatingIncome": "None", "depreciation": "None", "depreciationAndAmortization": "1610000", "incomeBeforeTax": "-25219000", "incomeTaxExpense": "-130000", "interestAndDebtExpense": "None", "netIncomeFromContinuingOperations": "-25089000", "comprehensiveIncomeNetOfTax": "None", "ebit": "-25219000", "ebitda": "-23609000", "netIncome": "-8229000"}, {"fiscalDateEnding": "2022-09-30", "reportedCurrency": "USD", "grossProfit": "1643000", "totalRevenue": "4168000", "costOfRevenue": "2525000", "costofGoodsAndServicesSold": "2525000", "operatingIncome": "-40480000", "sellingGeneralAndAdministrative": "12916000", "researchAndDevelopment": "28035000", "operatingExpenses": "42123000", "investmentIncomeNet": "None", "netInterestIncome": "None", "interestIncome": "None", "interestExpense": "15367000", "nonInterestIncome": "None", "otherNonOperatingIncome": "-15897000", "depreciation": "None", "depreciationAndAmortization": "1172000", "incomeBeforeTax": "-31502000", "incomeTaxExpense": "550000", "interestAndDebtExpense": "None", "netIncomeFromContinuingOperations": "-32052000", "comprehensiveIncomeNetOfTax": "None", "ebit": "-40480000", "ebitda": "-39308000", "netIncome": "-9766000"}, {"fiscalDateEnding": "2022-06-30", "reportedCurrency": "USD", "grossProfit": "5062000", "totalRevenue": "7264000", "costOfRevenue": "2202000", "costofGoodsAndServicesSold": "2202000", "operatingIncome": "-30342000", "sellingGeneralAndAdministrative": "13075000", "researchAndDevelopment": "21144000", "operatingExpenses": "35404000", "investmentIncomeNet": "None", "netInterestIncome": "None", "interestIncome": "None", "interestExpense": "5144000", "nonInterestIncome": "None", "otherNonOperatingIncome": "23049000", "depreciation": "None", "depreciationAndAmortization": "1185000", "incomeBeforeTax": "-7972000", "incomeTaxExpense": "96000", "interestAndDebtExpense": "None", "netIncomeFromContinuingOperations": "-8068000", "comprehensiveIncomeNetOfTax": "None", "ebit": "-30342000", "ebitda": "-29157000", "netIncome": "-2924000"}, {"fiscalDateEnding": "2022-03-31", "reportedCurrency": "USD", "grossProfit": "408000", "totalRevenue": "2394000", "costOfRevenue": "1986000", "costofGoodsAndServicesSold": "1986000", "operatingIncome": "-32332000", "sellingGeneralAndAdministrative": "11619000", "researchAndDevelopment": "20021000", "operatingExpenses": "32740000", "investmentIncomeNet": "None", "netInterestIncome": "None", "interestIncome": "None", "interestExpense": "27182000", "nonInterestIncome": "None", "otherNonOperatingIncome": "-5482000", "depreciation": "None", "depreciationAndAmortization": "1100000", "incomeBeforeTax": "-37799000", "incomeTaxExpense": "104000", "interestAndDebtExpense": "None", "netIncomeFromContinuingOperations": "-37903000", "comprehensiveIncomeNetOfTax": "None", "ebit": "-32332000", "ebitda": "-31232000", "netIncome": "-10721000"}, {"fiscalDateEnding": "2021-12-31", "reportedCurrency": "USD", "grossProfit": "2779000", "totalRevenue": "6220000", "costOfRevenue": "3441000", "costofGoodsAndServicesSold": "3441000", "operatingIncome": "-27617000", "sellingGeneralAndAdministrative": "10602000", "researchAndDevelopment": "18791000", "operatingExpenses": "30396000", "investmentIncomeNet": "None", "netInterestIncome": "None", "interestIncome": "None", "interestExpense": "10206000", "nonInterestIncome": "None", "otherNonOperatingIncome": "None", "depreciation": "None", "depreciationAndAmortization": "864000", "incomeBeforeTax": "-12545000", "incomeTaxExpense": "258000", "interestAndDebtExpense": "None", "netIncomeFromContinuingOperations": "-12803000", "comprehensiveIncomeNetOfTax": "None", "ebit": "-28481000", "ebitda": "-27617000", "netIncome": "-3110000"}, {"fiscalDateEnding": "2021-09-30", "reportedCurrency": "USD", "grossProfit": "347000", "totalRevenue": "2450000", "costOfRevenue": "2103000", "costofGoodsAndServicesSold": "2103000", "operatingIncome": "-22765000", "sellingGeneralAndAdministrative": "9331000", "researchAndDevelopment": "12914000", "operatingExpenses": "23112000", "investmentIncomeNet": "None", "netInterestIncome": "4000", "interestIncome": "4000", "interestExpense": "None", "nonInterestIncome": "None", "otherNonOperatingIncome": "39585000", "depreciation": "None", "depreciationAndAmortization": "867000", "incomeBeforeTax": "16820000", "incomeTaxExpense": "16000", "interestAndDebtExpense": "None", "netIncomeFromContinuingOperations": "16836000", "comprehensiveIncomeNetOfTax": "None", "ebit": "-22765000", "ebitda": "-21898000", "netIncome": "4115000"}, {"fiscalDateEnding": "2021-06-30", "reportedCurrency": "USD", "grossProfit": "1661000", "totalRevenue": "2773000", "costOfRevenue": "1112000", "costofGoodsAndServicesSold": "1112000", "operatingIncome": "-23436000", "sellingGeneralAndAdministrative": "9157000", "researchAndDevelopment": "15373000", "operatingExpenses": "25097000", "investmentIncomeNet": "None", "netInterestIncome": "6000", "interestIncome": "6000", "interestExpense": "0", "nonInterestIncome": "None", "otherNonOperatingIncome": "-41677000", "depreciation": "None", "depreciationAndAmortization": "568000", "incomeBeforeTax": "-65113000", "incomeTaxExpense": "56000", "interestAndDebtExpense": "None", "netIncomeFromContinuingOperations": "-65169000", "comprehensiveIncomeNetOfTax": "None", "ebit": "-23436000", "ebitda": "-22868000", "netIncome": "-19978000"}, {"fiscalDateEnding": "2021-03-31", "reportedCurrency": "USD", "grossProfit": "55000", "totalRevenue": "951000", "costOfRevenue": "896000", "costofGoodsAndServicesSold": "896000", "operatingIncome": "-12059000", "sellingGeneralAndAdministrative": "5537000", "researchAndDevelopment": "5963000", "operatingExpenses": "12114000", "investmentIncomeNet": "None", "netInterestIncome": "21197", "interestIncome": "21197", "interestExpense": "None", "nonInterestIncome": "None", "otherNonOperatingIncome": "None", "depreciation": "None", "depreciationAndAmortization": "614000", "incomeBeforeTax": "-12087000", "incomeTaxExpense": "1000", "interestAndDebtExpense": "None", "netIncomeFromContinuingOperations": "597052", "comprehensiveIncomeNetOfTax": "None", "ebit": "-12059000", "ebitda": "-11445000", "netIncome": "-11580000"}, {"fiscalDateEnding": "2020-12-31", "reportedCurrency": "USD", "grossProfit": "2311000", "totalRevenue": "2702000", "costOfRevenue": "391000", "costofGoodsAndServicesSold": "391000", "operatingIncome": "-7977000", "sellingGeneralAndAdministrative": "4682000", "researchAndDevelopment": "5606000", "operatingExpenses": "10288000", "investmentIncomeNet": "None", "netInterestIncome": "None", "interestIncome": "None", "interestExpense": "None", "nonInterestIncome": "None", "otherNonOperatingIncome": "None", "depreciation": "None", "depreciationAndAmortization": "636000", "incomeBeforeTax": "-8420000", "incomeTaxExpense": "131000", "interestAndDebtExpense": "None", "netIncomeFromContinuingOperations": "None", "comprehensiveIncomeNetOfTax": "None", "ebit": "-8447000", "ebitda": "-7811000", "netIncome": "-8534000"}, {"fiscalDateEnding": "2020-09-30", "reportedCurrency": "USD", "grossProfit": "1257000", "totalRevenue": "2090000", "costOfRevenue": "833000", "costofGoodsAndServicesSold": "833000", "operatingIncome": "-5199000", "sellingGeneralAndAdministrative": "2825000", "researchAndDevelopment": "3519000", "operatingExpenses": "6456000", "investmentIncomeNet": "None", "netInterestIncome": "14000", "interestIncome": "14000", "interestExpense": "None", "nonInterestIncome": "None", "otherNonOperatingIncome": "None", "depreciation": "None", "depreciationAndAmortization": "112000", "incomeBeforeTax": "-5181000", "incomeTaxExpense": "14634", "interestAndDebtExpense": "None", "netIncomeFromContinuingOperations": "-5181000", "comprehensiveIncomeNetOfTax": "None", "ebit": "-5199000", "ebitda": "-5087000", "netIncome": "-5531000"}, {"fiscalDateEnding": "2020-06-30", "reportedCurrency": "USD", "grossProfit": "-370000", "totalRevenue": "402000", "costOfRevenue": "772000", "costofGoodsAndServicesSold": "772000", "operatingIncome": "-5965000", "sellingGeneralAndAdministrative": "2635000", "researchAndDevelopment": "2775000", "operatingExpenses": "5595000", "investmentIncomeNet": "None", "netInterestIncome": "30000", "interestIncome": "17000", "interestExpense": "13000", "nonInterestIncome": "None", "otherNonOperatingIncome": "None", "depreciation": "None", "depreciationAndAmortization": "185000", "incomeBeforeTax": "-5938000", "incomeTaxExpense": "-13816", "interestAndDebtExpense": "None", "netIncomeFromContinuingOperations": "-5938000", "comprehensiveIncomeNetOfTax": "None", "ebit": "-5951000", "ebitda": "-5766000", "netIncome": "-5589000"}, {"fiscalDateEnding": "2020-03-31", "reportedCurrency": "USD", "grossProfit": "-256000", "totalRevenue": "773000", "costOfRevenue": "1028999", "costofGoodsAndServicesSold": "1028999", "operatingIncome": "-4625999", "sellingGeneralAndAdministrative": "2178000", "researchAndDevelopment": "2192000", "operatingExpenses": "4370000", "investmentIncomeNet": "None", "netInterestIncome": "886099", "interestIncome": "886099", "interestExpense": "1009410", "nonInterestIncome": "None", "otherNonOperatingIncome": "None", "depreciation": "None", "depreciationAndAmortization": "120000", "incomeBeforeTax": "-4735000", "incomeTaxExpense": "225218", "interestAndDebtExpense": "None", "netIncomeFromContinuingOperations": "7772252", "comprehensiveIncomeNetOfTax": "None", "ebit": "-4746000", "ebitda": "-4626000", "netIncome": "-4407000"}, {"fiscalDateEnding": "2019-12-31", "reportedCurrency": "USD", "grossProfit": "617000", "totalRevenue": "661000", "costOfRevenue": "44000", "costofGoodsAndServicesSold": "44000", "operatingIncome": "-2891000", "sellingGeneralAndAdministrative": "1784000", "researchAndDevelopment": "1724000", "operatingExpenses": "3508000", "investmentIncomeNet": "None", "netInterestIncome": "None", "interestIncome": "None", "interestExpense": "1009000", "nonInterestIncome": "None", "otherNonOperatingIncome": "None", "depreciation": "None", "depreciationAndAmortization": "44000", "incomeBeforeTax": "-2961000", "incomeTaxExpense": "44000", "interestAndDebtExpense": "None", "netIncomeFromContinuingOperations": "None", "comprehensiveIncomeNetOfTax": "None", "ebit": "-2921000", "ebitda": "-2877000", "netIncome": "-3167000"}, {"fiscalDateEnding": "2019-09-30", "reportedCurrency": "USD", "grossProfit": "-94621", "totalRevenue": "None", "costOfRevenue": "94621", "costofGoodsAndServicesSold": "94621", "operatingIncome": "-94621", "sellingGeneralAndAdministrative": "None", "researchAndDevelopment": "None", "operatingExpenses": "94621", "investmentIncomeNet": "None", "netInterestIncome": "None", "interestIncome": "None", "interestExpense": "None", "nonInterestIncome": "None", "otherNonOperatingIncome": "None", "depreciation": "None", "depreciationAndAmortization": "44646", "incomeBeforeTax": "110799", "incomeTaxExpense": "23038", "interestAndDebtExpense": "None", "netIncomeFromContinuingOperations": "None", "comprehensiveIncomeNetOfTax": "None", "ebit": "66153", "ebitda": "110799", "netIncome": "87761"}, {"fiscalDateEnding": "2019-06-30", "reportedCurrency": "None", "grossProfit": "None", "totalRevenue": "None", "costOfRevenue": "None", "costofGoodsAndServicesSold": "None", "operatingIncome": "-1093", "sellingGeneralAndAdministrative": "None", "researchAndDevelopment": "None", "operatingExpenses": "1093", "investmentIncomeNet": "None", "netInterestIncome": "None", "interestIncome": "None", "interestExpense": "None", "nonInterestIncome": "None", "otherNonOperatingIncome": "None", "depreciation": "None", "depreciationAndAmortization": "None", "incomeBeforeTax": "-1093", "incomeTaxExpense": "None", "interestAndDebtExpense": "None", "netIncomeFromContinuingOperations": "None", "comprehensiveIncomeNetOfTax": "None", "ebit": "-1093", "ebitda": "-1093", "netIncome": "-1093"}]}