{"symbol": "ADGM", "annualReports": [{"fiscalDateEnding": "2024-12-31", "reportedCurrency": "None", "grossProfit": "-1668000", "totalRevenue": "269000", "costOfRevenue": "1937000", "costofGoodsAndServicesSold": "1937000", "operatingIncome": "-62480000", "sellingGeneralAndAdministrative": "None", "researchAndDevelopment": "4634000", "operatingExpenses": "60812000", "investmentIncomeNet": "None", "netInterestIncome": "None", "interestIncome": "None", "interestExpense": "1102000", "nonInterestIncome": "None", "otherNonOperatingIncome": "None", "depreciation": "None", "depreciationAndAmortization": "-7612000", "incomeBeforeTax": "-53763000", "incomeTaxExpense": "-53763000", "interestAndDebtExpense": "None", "netIncomeFromContinuingOperations": "None", "comprehensiveIncomeNetOfTax": "None", "ebit": "-54868000", "ebitda": "-62480000", "netIncome": "-53763000"}, {"fiscalDateEnding": "2023-12-31", "reportedCurrency": "USD", "grossProfit": "-1006000", "totalRevenue": "300000", "costOfRevenue": "1306000", "costofGoodsAndServicesSold": "1306000", "operatingIncome": "-27942000", "sellingGeneralAndAdministrative": "4752272", "researchAndDevelopment": "15399000", "operatingExpenses": "26936000", "investmentIncomeNet": "None", "netInterestIncome": "-1656000", "interestIncome": "3000", "interestExpense": "1659000", "nonInterestIncome": "None", "otherNonOperatingIncome": "None", "depreciation": "None", "depreciationAndAmortization": "532000", "incomeBeforeTax": "-38146000", "incomeTaxExpense": "None", "interestAndDebtExpense": "None", "netIncomeFromContinuingOperations": "-38146000", "comprehensiveIncomeNetOfTax": "None", "ebit": "-27942000", "ebitda": "-27410000", "netIncome": "-38146000"}, {"fiscalDateEnding": "2022-12-31", "reportedCurrency": "USD", "grossProfit": "-686000", "totalRevenue": "189000", "costOfRevenue": "875000", "costofGoodsAndServicesSold": "875000", "operatingIncome": "-23913000", "sellingGeneralAndAdministrative": "1009074", "researchAndDevelopment": "17855000", "operatingExpenses": "23227000", "investmentIncomeNet": "None", "netInterestIncome": "-98000", "interestIncome": "39000", "interestExpense": "137000", "nonInterestIncome": "None", "otherNonOperatingIncome": "None", "depreciation": "None", "depreciationAndAmortization": "495000", "incomeBeforeTax": "-23673000", "incomeTaxExpense": "None", "interestAndDebtExpense": "None", "netIncomeFromContinuingOperations": "-23673000", "comprehensiveIncomeNetOfTax": "None", "ebit": "-23536000", "ebitda": "-23041000", "netIncome": "-23673000"}, {"fiscalDateEnding": "2021-12-31", "reportedCurrency": "USD", "grossProfit": "-888000", "totalRevenue": "270000", "costOfRevenue": "1158000", "costofGoodsAndServicesSold": "1158000", "operatingIncome": "-20645000", "sellingGeneralAndAdministrative": "6614208", "researchAndDevelopment": "15355000", "operatingExpenses": "19757000", "investmentIncomeNet": "None", "netInterestIncome": "3000", "interestIncome": "3000", "interestExpense": "0", "nonInterestIncome": "None", "otherNonOperatingIncome": "None", "depreciation": "None", "depreciationAndAmortization": "336000", "incomeBeforeTax": "-19938000", "incomeTaxExpense": "None", "interestAndDebtExpense": "None", "netIncomeFromContinuingOperations": "-19938000", "comprehensiveIncomeNetOfTax": "None", "ebit": "-19938000", "ebitda": "-19602000", "netIncome": "-19938000"}, {"fiscalDateEnding": "2020-12-31", "reportedCurrency": "None", "grossProfit": "None", "totalRevenue": "None", "costOfRevenue": "None", "costofGoodsAndServicesSold": "None", "operatingIncome": "-13539", "sellingGeneralAndAdministrative": "None", "researchAndDevelopment": "None", "operatingExpenses": "13539", "investmentIncomeNet": "None", "netInterestIncome": "None", "interestIncome": "None", "interestExpense": "None", "nonInterestIncome": "None", "otherNonOperatingIncome": "None", "depreciation": "None", "depreciationAndAmortization": "None", "incomeBeforeTax": "-13539", "incomeTaxExpense": "None", "interestAndDebtExpense": "None", "netIncomeFromContinuingOperations": "None", "comprehensiveIncomeNetOfTax": "None", "ebit": "-13539", "ebitda": "-13539", "netIncome": "-13539"}], "quarterlyReports": [{"fiscalDateEnding": "2025-09-30", "reportedCurrency": "USD", "grossProfit": "-31000", "totalRevenue": "0", "costOfRevenue": "31000", "costofGoodsAndServicesSold": "31000", "operatingIncome": "-5721000", "sellingGeneralAndAdministrative": "2916000", "researchAndDevelopment": "2774000", "operatingExpenses": "5690000", "investmentIncomeNet": "None", "netInterestIncome": "-670000", "interestIncome": "79000", "interestExpense": "749000", "nonInterestIncome": "None", "otherNonOperatingIncome": "None", "depreciation": "None", "depreciationAndAmortization": "191000", "incomeBeforeTax": "-10118000", "incomeTaxExpense": "None", "interestAndDebtExpense": "None", "netIncomeFromContinuingOperations": "-10118000", "comprehensiveIncomeNetOfTax": "None", "ebit": "-9369000", "ebitda": "-9178000", "netIncome": "-10118000"}, {"fiscalDateEnding": "2025-06-30", "reportedCurrency": "USD", "grossProfit": "-342000", "totalRevenue": "0", "costOfRevenue": "342000", "costofGoodsAndServicesSold": "342000", "operatingIncome": "-4717000", "sellingGeneralAndAdministrative": "2404000", "researchAndDevelopment": "1971000", "operatingExpenses": "4375000", "investmentIncomeNet": "None", "netInterestIncome": "-618000", "interestIncome": "102000", "interestExpense": "720000", "nonInterestIncome": "None", "otherNonOperatingIncome": "None", "depreciation": "None", "depreciationAndAmortization": "271000", "incomeBeforeTax": "-3947000", "incomeTaxExpense": "None", "interestAndDebtExpense": "None", "netIncomeFromContinuingOperations": "-3947000", "comprehensiveIncomeNetOfTax": "None", "ebit": "-4717000", "ebitda": "-4446000", "netIncome": "-3947000"}, {"fiscalDateEnding": "2025-03-31", "reportedCurrency": "USD", "grossProfit": "-253000", "totalRevenue": "-143000", "costOfRevenue": "253000", "costofGoodsAndServicesSold": "253000", "operatingIncome": "-7397000", "sellingGeneralAndAdministrative": "611740", "researchAndDevelopment": "3659000", "operatingExpenses": "7144000", "investmentIncomeNet": "None", "netInterestIncome": "-498000", "interestIncome": "164000", "interestExpense": "662000", "nonInterestIncome": "None", "otherNonOperatingIncome": "None", "depreciation": "None", "depreciationAndAmortization": "271000", "incomeBeforeTax": "-7713000", "incomeTaxExpense": "9124342", "interestAndDebtExpense": "None", "netIncomeFromContinuingOperations": "-7713000", "comprehensiveIncomeNetOfTax": "None", "ebit": "-7397000", "ebitda": "-7126000", "netIncome": "-7713000"}, {"fiscalDateEnding": "2024-09-30", "reportedCurrency": "None", "grossProfit": "-386000", "totalRevenue": "185000", "costOfRevenue": "571000", "costofGoodsAndServicesSold": "571000", "operatingIncome": "-10631000", "sellingGeneralAndAdministrative": "None", "researchAndDevelopment": "2468000", "operatingExpenses": "10245000", "investmentIncomeNet": "None", "netInterestIncome": "None", "interestIncome": "None", "interestExpense": "739000", "nonInterestIncome": "None", "otherNonOperatingIncome": "None", "depreciation": "None", "depreciationAndAmortization": "256000", "incomeBeforeTax": "-4629000", "incomeTaxExpense": "None", "interestAndDebtExpense": "None", "netIncomeFromContinuingOperations": "None", "comprehensiveIncomeNetOfTax": "None", "ebit": "-3889999", "ebitda": "-3633999", "netIncome": "-4629000"}, {"fiscalDateEnding": "2024-06-30", "reportedCurrency": "USD", "grossProfit": "-428000", "totalRevenue": "254000", "costOfRevenue": "682000", "costofGoodsAndServicesSold": "682000", "operatingIncome": "-6659000", "sellingGeneralAndAdministrative": "3366000", "researchAndDevelopment": "2865000", "operatingExpenses": "6231000", "investmentIncomeNet": "None", "netInterestIncome": "-758000", "interestIncome": "2000", "interestExpense": "760000", "nonInterestIncome": "None", "otherNonOperatingIncome": "None", "depreciation": "None", "depreciationAndAmortization": "257000", "incomeBeforeTax": "-5734000", "incomeTaxExpense": "-8282591", "interestAndDebtExpense": "None", "netIncomeFromContinuingOperations": "-713794", "comprehensiveIncomeNetOfTax": "None", "ebit": "-6659000", "ebitda": "-6402000", "netIncome": "-5734000"}, {"fiscalDateEnding": "2024-03-31", "reportedCurrency": "USD", "grossProfit": "-516000", "totalRevenue": "26000", "costOfRevenue": "542000", "costofGoodsAndServicesSold": "542000", "operatingIncome": "-8815000", "sellingGeneralAndAdministrative": "611740", "researchAndDevelopment": "3469000", "operatingExpenses": "8299000", "investmentIncomeNet": "None", "netInterestIncome": "-753000", "interestIncome": "1000", "interestExpense": "754000", "nonInterestIncome": "None", "otherNonOperatingIncome": "None", "depreciation": "None", "depreciationAndAmortization": "330000", "incomeBeforeTax": "-8018000", "incomeTaxExpense": "-841751", "interestAndDebtExpense": "None", "netIncomeFromContinuingOperations": "-8018000", "comprehensiveIncomeNetOfTax": "None", "ebit": "-7264000", "ebitda": "-6934000", "netIncome": "-8018000"}, {"fiscalDateEnding": "2023-12-31", "reportedCurrency": "USD", "grossProfit": "-256000", "totalRevenue": "78000", "costOfRevenue": "334000", "costofGoodsAndServicesSold": "334000", "operatingIncome": "-5333000", "sellingGeneralAndAdministrative": "2745151", "researchAndDevelopment": "1774000", "operatingExpenses": "5077000", "investmentIncomeNet": "None", "netInterestIncome": "-576000", "interestIncome": "1000", "interestExpense": "577000", "nonInterestIncome": "None", "otherNonOperatingIncome": "None", "depreciation": "None", "depreciationAndAmortization": "133000", "incomeBeforeTax": "-9142000", "incomeTaxExpense": "-133000", "interestAndDebtExpense": "None", "netIncomeFromContinuingOperations": "-9142000", "comprehensiveIncomeNetOfTax": "None", "ebit": "-8565000", "ebitda": "-8432000", "netIncome": "-9142000"}, {"fiscalDateEnding": "2023-09-30", "reportedCurrency": "USD", "grossProfit": "-212000", "totalRevenue": "41000", "costOfRevenue": "253000", "costofGoodsAndServicesSold": "253000", "operatingIncome": "-9081000", "sellingGeneralAndAdministrative": "959673", "researchAndDevelopment": "4418000", "operatingExpenses": "8869000", "investmentIncomeNet": "None", "netInterestIncome": "-483000", "interestIncome": "2000", "interestExpense": "485000", "nonInterestIncome": "None", "otherNonOperatingIncome": "None", "depreciation": "None", "depreciationAndAmortization": "100000", "incomeBeforeTax": "-10761000", "incomeTaxExpense": "None", "interestAndDebtExpense": "None", "netIncomeFromContinuingOperations": "-10761000", "comprehensiveIncomeNetOfTax": "None", "ebit": "-10276000", "ebitda": "-10176000", "netIncome": "-10761000"}, {"fiscalDateEnding": "2023-06-30", "reportedCurrency": "None", "grossProfit": "-280000", "totalRevenue": "121000", "costOfRevenue": "401000", "costofGoodsAndServicesSold": "401000", "operatingIncome": "-6874000", "sellingGeneralAndAdministrative": "78851", "researchAndDevelopment": "4409000", "operatingExpenses": "6594000", "investmentIncomeNet": "None", "netInterestIncome": "None", "interestIncome": "None", "interestExpense": "None", "nonInterestIncome": "None", "otherNonOperatingIncome": "None", "depreciation": "None", "depreciationAndAmortization": "140000", "incomeBeforeTax": "-8548000", "incomeTaxExpense": "None", "interestAndDebtExpense": "None", "netIncomeFromContinuingOperations": "None", "comprehensiveIncomeNetOfTax": "None", "ebit": "-6874000", "ebitda": "-6734000", "netIncome": "-8548000"}, {"fiscalDateEnding": "2023-03-31", "reportedCurrency": "USD", "grossProfit": "-258000", "totalRevenue": "60000", "costOfRevenue": "318000", "costofGoodsAndServicesSold": "318000", "operatingIncome": "-6654000", "sellingGeneralAndAdministrative": "968597", "researchAndDevelopment": "4798000", "operatingExpenses": "6396000", "investmentIncomeNet": "None", "netInterestIncome": "-232000", "interestIncome": "1000", "interestExpense": "233000", "nonInterestIncome": "None", "otherNonOperatingIncome": "None", "depreciation": "None", "depreciationAndAmortization": "124000", "incomeBeforeTax": "-9276000", "incomeTaxExpense": "-124000", "interestAndDebtExpense": "None", "netIncomeFromContinuingOperations": "-9276000", "comprehensiveIncomeNetOfTax": "None", "ebit": "-9043000", "ebitda": "-8919000", "netIncome": "-9276000"}, {"fiscalDateEnding": "2022-12-31", "reportedCurrency": "USD", "grossProfit": "-291000", "totalRevenue": "0", "costOfRevenue": "291000", "costofGoodsAndServicesSold": "291000", "operatingIncome": "-6208000", "sellingGeneralAndAdministrative": "1463000", "researchAndDevelopment": "4454000", "operatingExpenses": "5917000", "investmentIncomeNet": "None", "netInterestIncome": "-133000", "interestIncome": "4000", "interestExpense": "137000", "nonInterestIncome": "None", "otherNonOperatingIncome": "None", "depreciation": "None", "depreciationAndAmortization": "135000", "incomeBeforeTax": "-6032000", "incomeTaxExpense": "-1298262", "interestAndDebtExpense": "None", "netIncomeFromContinuingOperations": "-6032000", "comprehensiveIncomeNetOfTax": "None", "ebit": "-5895000", "ebitda": "-5760000", "netIncome": "-6032000"}]}