{"symbol": "APRE", "annualReports": [{"fiscalDateEnding": "2024-12-31", "reportedCurrency": "USD", "grossProfit": "-7860956", "totalRevenue": "1502581", "costOfRevenue": "9363537", "costofGoodsAndServicesSold": "9363537", "operatingIncome": "-14319655", "sellingGeneralAndAdministrative": "6458699", "researchAndDevelopment": "9363537", "operatingExpenses": "6458699", "investmentIncomeNet": "None", "netInterestIncome": "1289144", "interestIncome": "1289144", "interestExpense": "None", "nonInterestIncome": "None", "otherNonOperatingIncome": "None", "depreciation": "None", "depreciationAndAmortization": "22318", "incomeBeforeTax": "-12958711", "incomeTaxExpense": "None", "interestAndDebtExpense": "None", "netIncomeFromContinuingOperations": "-12958711", "comprehensiveIncomeNetOfTax": "None", "ebit": "-14319655", "ebitda": "-14297337", "netIncome": "-12958711"}, {"fiscalDateEnding": "2023-12-31", "reportedCurrency": "USD", "grossProfit": "576179", "totalRevenue": "583231", "costOfRevenue": "7052", "costofGoodsAndServicesSold": "7052", "operatingIncome": "-15471963", "sellingGeneralAndAdministrative": "8427703", "researchAndDevelopment": "7627491", "operatingExpenses": "16048142", "investmentIncomeNet": "None", "netInterestIncome": "1156928", "interestIncome": "1224133", "interestExpense": "None", "nonInterestIncome": "None", "otherNonOperatingIncome": "None", "depreciation": "None", "depreciationAndAmortization": "7052", "incomeBeforeTax": "-14286756", "incomeTaxExpense": "-2", "interestAndDebtExpense": "None", "netIncomeFromContinuingOperations": "-13285644", "comprehensiveIncomeNetOfTax": "None", "ebit": "-14286760", "ebitda": "-14279708", "netIncome": "-14286756"}, {"fiscalDateEnding": "2022-12-31", "reportedCurrency": "USD", "grossProfit": "-16402273", "totalRevenue": "0", "costOfRevenue": "16402273", "costofGoodsAndServicesSold": "16402273", "operatingIncome": "-113392228", "sellingGeneralAndAdministrative": "20969771", "researchAndDevelopment": "92422457", "operatingExpenses": "96989955", "investmentIncomeNet": "None", "netInterestIncome": "448667", "interestIncome": "448667", "interestExpense": "448667", "nonInterestIncome": "None", "otherNonOperatingIncome": "None", "depreciation": "None", "depreciationAndAmortization": "4403", "incomeBeforeTax": "-112662027", "incomeTaxExpense": "112213360", "interestAndDebtExpense": "None", "netIncomeFromContinuingOperations": "-112662027", "comprehensiveIncomeNetOfTax": "None", "ebit": "-37372044", "ebitda": "-37367641", "netIncome": "-112662027"}, {"fiscalDateEnding": "2021-12-31", "reportedCurrency": "USD", "grossProfit": "-271677", "totalRevenue": "0", "costOfRevenue": "271677", "costofGoodsAndServicesSold": "271677", "operatingIncome": "-37446353", "sellingGeneralAndAdministrative": "13550478", "researchAndDevelopment": "23895875", "operatingExpenses": "37174676", "investmentIncomeNet": "None", "netInterestIncome": "1648", "interestIncome": "1648", "interestExpense": "1648", "nonInterestIncome": "None", "otherNonOperatingIncome": "None", "depreciation": "None", "depreciationAndAmortization": "271677", "incomeBeforeTax": "-37127303", "incomeTaxExpense": "-590727", "interestAndDebtExpense": "None", "netIncomeFromContinuingOperations": "-37127303", "comprehensiveIncomeNetOfTax": "None", "ebit": "-37127305", "ebitda": "-36855628", "netIncome": "-36536576"}, {"fiscalDateEnding": "2020-12-31", "reportedCurrency": "USD", "grossProfit": "-229610", "totalRevenue": "0", "costOfRevenue": "229610", "costofGoodsAndServicesSold": "229610", "operatingIncome": "-52811212", "sellingGeneralAndAdministrative": "14931887", "researchAndDevelopment": "37879325", "operatingExpenses": "52811212", "investmentIncomeNet": "None", "netInterestIncome": "222652", "interestIncome": "222652", "interestExpense": "222652", "nonInterestIncome": "None", "otherNonOperatingIncome": "-667600", "depreciation": "None", "depreciationAndAmortization": "229610", "incomeBeforeTax": "-53478812", "incomeTaxExpense": "437990", "interestAndDebtExpense": "None", "netIncomeFromContinuingOperations": "-53478812", "comprehensiveIncomeNetOfTax": "None", "ebit": "-53478810", "ebitda": "-53249200", "netIncome": "-53916802"}, {"fiscalDateEnding": "2019-12-31", "reportedCurrency": "USD", "grossProfit": "-170254", "totalRevenue": "0", "costOfRevenue": "170254", "costofGoodsAndServicesSold": "170254", "operatingIncome": "-29544298", "sellingGeneralAndAdministrative": "8593626", "researchAndDevelopment": "20950672", "operatingExpenses": "29374044", "investmentIncomeNet": "None", "netInterestIncome": "156351", "interestIncome": "1484490", "interestExpense": "156351", "nonInterestIncome": "None", "otherNonOperatingIncome": "None", "depreciation": "None", "depreciationAndAmortization": "170254", "incomeBeforeTax": "-28059807", "incomeTaxExpense": "-1654745", "interestAndDebtExpense": "None", "netIncomeFromContinuingOperations": "-28059807", "comprehensiveIncomeNetOfTax": "None", "ebit": "-28059808", "ebitda": "-27889554", "netIncome": "-28059807"}, {"fiscalDateEnding": "2018-12-31", "reportedCurrency": "USD", "grossProfit": "-8316", "totalRevenue": "0", "costOfRevenue": "8316", "costofGoodsAndServicesSold": "8316", "operatingIncome": "-16489403", "sellingGeneralAndAdministrative": "2294671", "researchAndDevelopment": "14194732", "operatingExpenses": "16489403", "investmentIncomeNet": "None", "netInterestIncome": "-182", "interestIncome": "961140", "interestExpense": "182", "nonInterestIncome": "None", "otherNonOperatingIncome": "0", "depreciation": "None", "depreciationAndAmortization": "8316", "incomeBeforeTax": "-15528269", "incomeTaxExpense": "961316", "interestAndDebtExpense": "None", "netIncomeFromContinuingOperations": "-15528269", "comprehensiveIncomeNetOfTax": "None", "ebit": "-15528273", "ebitda": "-15519957", "netIncome": "-15528269"}, {"fiscalDateEnding": "2017-12-31", "reportedCurrency": "USD", "grossProfit": "-7932", "totalRevenue": "0", "costOfRevenue": "7932", "costofGoodsAndServicesSold": "7932", "operatingIncome": "-15852375", "sellingGeneralAndAdministrative": "2459744", "researchAndDevelopment": "13392631", "operatingExpenses": "15852375", "investmentIncomeNet": "None", "netInterestIncome": "-15", "interestIncome": "662120", "interestExpense": "15", "nonInterestIncome": "None", "otherNonOperatingIncome": "0", "depreciation": "None", "depreciationAndAmortization": "7932", "incomeBeforeTax": "-15190250", "incomeTaxExpense": "-662125", "interestAndDebtExpense": "None", "netIncomeFromContinuingOperations": "-15190250", "comprehensiveIncomeNetOfTax": "None", "ebit": "-15190245", "ebitda": "-15182313", "netIncome": "-15190250"}, {"fiscalDateEnding": "2013-12-31", "reportedCurrency": "USD", "grossProfit": "0", "totalRevenue": "0", "costOfRevenue": "0", "costofGoodsAndServicesSold": "0", "operatingIncome": "-246491", "sellingGeneralAndAdministrative": "246491", "researchAndDevelopment": "None", "operatingExpenses": "0", "investmentIncomeNet": "None", "netInterestIncome": "None", "interestIncome": "None", "interestExpense": "0", "nonInterestIncome": "None", "otherNonOperatingIncome": "None", "depreciation": "None", "depreciationAndAmortization": "None", "incomeBeforeTax": "-436215", "incomeTaxExpense": "0", "interestAndDebtExpense": "None", "netIncomeFromContinuingOperations": "-436215", "comprehensiveIncomeNetOfTax": "None", "ebit": "-246491", "ebitda": "None", "netIncome": "-436215"}, {"fiscalDateEnding": "2012-12-31", "reportedCurrency": "USD", "grossProfit": "0", "totalRevenue": "0", "costOfRevenue": "0", "costofGoodsAndServicesSold": "0", "operatingIncome": "-21333", "sellingGeneralAndAdministrative": "21333", "researchAndDevelopment": "None", "operatingExpenses": "0", "investmentIncomeNet": "None", "netInterestIncome": "None", "interestIncome": "None", "interestExpense": "0", "nonInterestIncome": "None", "otherNonOperatingIncome": "None", "depreciation": "None", "depreciationAndAmortization": "None", "incomeBeforeTax": "-254006", "incomeTaxExpense": "0", "interestAndDebtExpense": "None", "netIncomeFromContinuingOperations": "-254006", "comprehensiveIncomeNetOfTax": "None", "ebit": "-21333", "ebitda": "None", "netIncome": "-254006"}, {"fiscalDateEnding": "2007-12-31", "reportedCurrency": "USD", "grossProfit": "54457", "totalRevenue": "67868", "costOfRevenue": "13411", "costofGoodsAndServicesSold": "13411", "operatingIncome": "-3169500", "sellingGeneralAndAdministrative": "3223957", "researchAndDevelopment": "None", "operatingExpenses": "0", "investmentIncomeNet": "None", "netInterestIncome": "None", "interestIncome": "None", "interestExpense": "0", "nonInterestIncome": "None", "otherNonOperatingIncome": "None", "depreciation": "None", "depreciationAndAmortization": "None", "incomeBeforeTax": "-3524426", "incomeTaxExpense": "0", "interestAndDebtExpense": "None", "netIncomeFromContinuingOperations": "-3524426", "comprehensiveIncomeNetOfTax": "None", "ebit": "-3167739", "ebitda": "None", "netIncome": "-3524426"}], "quarterlyReports": [{"fiscalDateEnding": "2025-09-30", "reportedCurrency": "USD", "grossProfit": "-3581", "totalRevenue": "1848", "costOfRevenue": "5429", "costofGoodsAndServicesSold": "5429", "operatingIncome": "-3117388", "sellingGeneralAndAdministrative": "1480319", "researchAndDevelopment": "1638917", "operatingExpenses": "3113807", "investmentIncomeNet": "None", "netInterestIncome": "150669", "interestIncome": "150669", "interestExpense": "None", "nonInterestIncome": "None", "otherNonOperatingIncome": "None", "depreciation": "None", "depreciationAndAmortization": "5429", "incomeBeforeTax": "-2972410", "incomeTaxExpense": "None", "interestAndDebtExpense": "None", "netIncomeFromContinuingOperations": "-2972410", "comprehensiveIncomeNetOfTax": "None", "ebit": "-2972410", "ebitda": "-2966981", "netIncome": "-2972410"}, {"fiscalDateEnding": "2025-06-30", "reportedCurrency": "USD", "grossProfit": "-1794102", "totalRevenue": "118111", "costOfRevenue": "1912213", "costofGoodsAndServicesSold": "1912213", "operatingIncome": "-3387773", "sellingGeneralAndAdministrative": "1593671", "researchAndDevelopment": "1912213", "operatingExpenses": "1593671", "investmentIncomeNet": "None", "netInterestIncome": "178027", "interestIncome": "178027", "interestExpense": "None", "nonInterestIncome": "None", "otherNonOperatingIncome": "None", "depreciation": "None", "depreciationAndAmortization": "5428", "incomeBeforeTax": "-3238870", "incomeTaxExpense": "None", "interestAndDebtExpense": "None", "netIncomeFromContinuingOperations": "-3238870", "comprehensiveIncomeNetOfTax": "None", "ebit": "-3387773", "ebitda": "-3382345", "netIncome": "-3238870"}, {"fiscalDateEnding": "2025-03-31", "reportedCurrency": "USD", "grossProfit": "-2320603", "totalRevenue": "162463", "costOfRevenue": "2483066", "costofGoodsAndServicesSold": "2483066", "operatingIncome": "-4085581", "sellingGeneralAndAdministrative": "1764979", "researchAndDevelopment": "2483066", "operatingExpenses": "1764978", "investmentIncomeNet": "None", "netInterestIncome": "204726", "interestIncome": "204726", "interestExpense": "None", "nonInterestIncome": "None", "otherNonOperatingIncome": "None", "depreciation": "None", "depreciationAndAmortization": "5428", "incomeBeforeTax": "-3932659", "incomeTaxExpense": "None", "interestAndDebtExpense": "None", "netIncomeFromContinuingOperations": "-3932659", "comprehensiveIncomeNetOfTax": "None", "ebit": "-4085581", "ebitda": "-4080153", "netIncome": "-3932659"}, {"fiscalDateEnding": "2024-12-31", "reportedCurrency": "USD", "grossProfit": "-2153269", "totalRevenue": "205817", "costOfRevenue": "2359086", "costofGoodsAndServicesSold": "2359086", "operatingIncome": "-3226045", "sellingGeneralAndAdministrative": "1072776", "researchAndDevelopment": "2359086", "operatingExpenses": "1072776", "investmentIncomeNet": "None", "netInterestIncome": "274626", "interestIncome": "274626", "interestExpense": "None", "nonInterestIncome": "None", "otherNonOperatingIncome": "None", "depreciation": "None", "depreciationAndAmortization": "5428", "incomeBeforeTax": "-2894799", "incomeTaxExpense": "3", "interestAndDebtExpense": "None", "netIncomeFromContinuingOperations": "-2894799", "comprehensiveIncomeNetOfTax": "None", "ebit": "-3226045", "ebitda": "-3220617", "netIncome": "-2894799"}, {"fiscalDateEnding": "2024-09-30", "reportedCurrency": "USD", "grossProfit": "-2491778", "totalRevenue": "354621", "costOfRevenue": "2846399", "costofGoodsAndServicesSold": "2846399", "operatingIncome": "-4097016", "sellingGeneralAndAdministrative": "1605238", "researchAndDevelopment": "2846399", "operatingExpenses": "1605238", "investmentIncomeNet": "None", "netInterestIncome": "348741", "interestIncome": "348741", "interestExpense": "None", "nonInterestIncome": "None", "otherNonOperatingIncome": "None", "depreciation": "None", "depreciationAndAmortization": "5430", "incomeBeforeTax": "-3783769", "incomeTaxExpense": "None", "interestAndDebtExpense": "None", "netIncomeFromContinuingOperations": "-3783769", "comprehensiveIncomeNetOfTax": "None", "ebit": "-4097016", "ebitda": "-4091586", "netIncome": "-3783769"}, {"fiscalDateEnding": "2024-06-30", "reportedCurrency": "USD", "grossProfit": "-1996105", "totalRevenue": "561574", "costOfRevenue": "2557679", "costofGoodsAndServicesSold": "2557679", "operatingIncome": "-3846924", "sellingGeneralAndAdministrative": "1850819", "researchAndDevelopment": "2557679", "operatingExpenses": "1850819", "investmentIncomeNet": "None", "netInterestIncome": "382374", "interestIncome": "382374", "interestExpense": "None", "nonInterestIncome": "None", "otherNonOperatingIncome": "None", "depreciation": "None", "depreciationAndAmortization": "5304", "incomeBeforeTax": "-3470052", "incomeTaxExpense": "-5", "interestAndDebtExpense": "None", "netIncomeFromContinuingOperations": "-3470052", "comprehensiveIncomeNetOfTax": "None", "ebit": "-3846924", "ebitda": "-3841620", "netIncome": "-3470052"}, {"fiscalDateEnding": "2024-03-31", "reportedCurrency": "USD", "grossProfit": "-1219804", "totalRevenue": "380569", "costOfRevenue": "1600373", "costofGoodsAndServicesSold": "1600373", "operatingIncome": "-3149670", "sellingGeneralAndAdministrative": "1929866", "researchAndDevelopment": "1600373", "operatingExpenses": "1929866", "investmentIncomeNet": "None", "netInterestIncome": "283403", "interestIncome": "283403", "interestExpense": "None", "nonInterestIncome": "None", "otherNonOperatingIncome": "None", "depreciation": "None", "depreciationAndAmortization": "6157", "incomeBeforeTax": "-2810091", "incomeTaxExpense": "2", "interestAndDebtExpense": "None", "netIncomeFromContinuingOperations": "-2810091", "comprehensiveIncomeNetOfTax": "None", "ebit": "-3149670", "ebitda": "-3143513", "netIncome": "-2810091"}, {"fiscalDateEnding": "2023-12-31", "reportedCurrency": "USD", "grossProfit": "-2031613", "totalRevenue": "14075", "costOfRevenue": "2045688", "costofGoodsAndServicesSold": "2045688", "operatingIncome": "-3674929", "sellingGeneralAndAdministrative": "1643315", "researchAndDevelopment": "2045688", "operatingExpenses": "1643316", "investmentIncomeNet": "None", "netInterestIncome": "310287", "interestIncome": "310287", "interestExpense": "229226", "nonInterestIncome": "None", "otherNonOperatingIncome": "None", "depreciation": "None", "depreciationAndAmortization": "4986", "incomeBeforeTax": "-3443254", "incomeTaxExpense": "4", "interestAndDebtExpense": "None", "netIncomeFromContinuingOperations": "-3443254", "comprehensiveIncomeNetOfTax": "None", "ebit": "-3674929", "ebitda": "-3669943", "netIncome": "-3443254"}, {"fiscalDateEnding": "2023-09-30", "reportedCurrency": "USD", "grossProfit": "-1803135", "totalRevenue": "319468", "costOfRevenue": "2122603", "costofGoodsAndServicesSold": "2122603", "operatingIncome": "-3522850", "sellingGeneralAndAdministrative": "1719715", "researchAndDevelopment": "2122603", "operatingExpenses": "1719715", "investmentIncomeNet": "None", "netInterestIncome": "321215", "interestIncome": "321215", "interestExpense": "None", "nonInterestIncome": "None", "otherNonOperatingIncome": "None", "depreciation": "None", "depreciationAndAmortization": "1432", "incomeBeforeTax": "-3204515", "incomeTaxExpense": "-318335", "interestAndDebtExpense": "None", "netIncomeFromContinuingOperations": "-3204515", "comprehensiveIncomeNetOfTax": "None", "ebit": "-3522850", "ebitda": "-3521418", "netIncome": "-3204515"}, {"fiscalDateEnding": "2023-06-30", "reportedCurrency": "USD", "grossProfit": "-1952969", "totalRevenue": "249688", "costOfRevenue": "2202657", "costofGoodsAndServicesSold": "2202657", "operatingIncome": "-3651681", "sellingGeneralAndAdministrative": "1698712", "researchAndDevelopment": "2202657", "operatingExpenses": "1698712", "investmentIncomeNet": "None", "netInterestIncome": "336221", "interestIncome": "336221", "interestExpense": "None", "nonInterestIncome": "None", "otherNonOperatingIncome": "None", "depreciation": "None", "depreciationAndAmortization": "224", "incomeBeforeTax": "-3259097", "incomeTaxExpense": "-392584", "interestAndDebtExpense": "None", "netIncomeFromContinuingOperations": "-3259097", "comprehensiveIncomeNetOfTax": "None", "ebit": "-3651681", "ebitda": "-3651457", "netIncome": "-3259097"}, {"fiscalDateEnding": "2023-03-31", "reportedCurrency": "USD", "grossProfit": "-1256542", "totalRevenue": "0", "costOfRevenue": "1256542", "costofGoodsAndServicesSold": "1256542", "operatingIncome": "-4622503", "sellingGeneralAndAdministrative": "3365961", "researchAndDevelopment": "1256542", "operatingExpenses": "3365961", "investmentIncomeNet": "None", "netInterestIncome": "256410", "interestIncome": "256410", "interestExpense": "229226", "nonInterestIncome": "None", "otherNonOperatingIncome": "None", "depreciation": "None", "depreciationAndAmortization": "410", "incomeBeforeTax": "-4379890", "incomeTaxExpense": "-229226", "interestAndDebtExpense": "None", "netIncomeFromContinuingOperations": "-4379890", "comprehensiveIncomeNetOfTax": "None", "ebit": "-4622503", "ebitda": "-4622093", "netIncome": "-4379890"}, {"fiscalDateEnding": "2022-12-31", "reportedCurrency": "USD", "grossProfit": "-531406", "totalRevenue": "0", "costOfRevenue": "531406", "costofGoodsAndServicesSold": "531406", "operatingIncome": "-2651628", "sellingGeneralAndAdministrative": "2120222", "researchAndDevelopment": "531406", "operatingExpenses": "2120222", "investmentIncomeNet": "None", "netInterestIncome": "243082", "interestIncome": "243082", "interestExpense": "297544", "nonInterestIncome": "None", "otherNonOperatingIncome": "None", "depreciation": "None", "depreciationAndAmortization": "1101", "incomeBeforeTax": "-2442142", "incomeTaxExpense": "108339765", "interestAndDebtExpense": "None", "netIncomeFromContinuingOperations": "-2442142", "comprehensiveIncomeNetOfTax": "None", "ebit": "-2651628", "ebitda": "-2650527", "netIncome": "-2442142"}, {"fiscalDateEnding": "2022-09-30", "reportedCurrency": "USD", "grossProfit": "-1117576", "totalRevenue": "0", "costOfRevenue": "1117576", "costofGoodsAndServicesSold": "1117576", "operatingIncome": "-4200194", "sellingGeneralAndAdministrative": "3082618", "researchAndDevelopment": "1117576", "operatingExpenses": "3082618", "investmentIncomeNet": "None", "netInterestIncome": "151123", "interestIncome": "None", "interestExpense": "151123", "nonInterestIncome": "None", "otherNonOperatingIncome": "None", "depreciation": "None", "depreciationAndAmortization": "122", "incomeBeforeTax": "-4024718", "incomeTaxExpense": "151123", "interestAndDebtExpense": "None", "netIncomeFromContinuingOperations": "-4024718", "comprehensiveIncomeNetOfTax": "None", "ebit": "-4200194", "ebitda": "-4200072", "netIncome": "-4024718"}, {"fiscalDateEnding": "2022-06-30", "reportedCurrency": "USD", "grossProfit": "-6811609", "totalRevenue": "0", "costOfRevenue": "6811609", "costofGoodsAndServicesSold": "6811609", "operatingIncome": "-98465531", "sellingGeneralAndAdministrative": "15633738", "researchAndDevelopment": "82831793", "operatingExpenses": "91653922", "investmentIncomeNet": "None", "netInterestIncome": "52491", "interestIncome": "None", "interestExpense": "52491", "nonInterestIncome": "None", "otherNonOperatingIncome": "None", "depreciation": "None", "depreciationAndAmortization": "3724", "incomeBeforeTax": "-98258474", "incomeTaxExpense": "52491", "interestAndDebtExpense": "None", "netIncomeFromContinuingOperations": "-98258474", "comprehensiveIncomeNetOfTax": "None", "ebit": "-22445347", "ebitda": "-22441623", "netIncome": "-98258474"}, {"fiscalDateEnding": "2022-03-31", "reportedCurrency": "USD", "grossProfit": "-63767", "totalRevenue": "0", "costOfRevenue": "63767", "costofGoodsAndServicesSold": "63767", "operatingIncome": "-8074875", "sellingGeneralAndAdministrative": "3985298", "researchAndDevelopment": "4089577", "operatingExpenses": "8074875", "investmentIncomeNet": "None", "netInterestIncome": "1971", "interestIncome": "None", "interestExpense": "1971", "nonInterestIncome": "None", "otherNonOperatingIncome": "None", "depreciation": "None", "depreciationAndAmortization": "63767", "incomeBeforeTax": "-7936693", "incomeTaxExpense": "1971", "interestAndDebtExpense": "None", "netIncomeFromContinuingOperations": "-7936693", "comprehensiveIncomeNetOfTax": "None", "ebit": "-8074875", "ebitda": "-8011108", "netIncome": "-7936693"}, {"fiscalDateEnding": "2021-12-31", "reportedCurrency": "USD", "grossProfit": "-65992", "totalRevenue": "0", "costOfRevenue": "65992", "costofGoodsAndServicesSold": "65992", "operatingIncome": "-7828679", "sellingGeneralAndAdministrative": "3366525", "researchAndDevelopment": "4462154", "operatingExpenses": "7828679", "investmentIncomeNet": "None", "netInterestIncome": "3326", "interestIncome": "3326", "interestExpense": "3326", "nonInterestIncome": "None", "otherNonOperatingIncome": "None", "depreciation": "None", "depreciationAndAmortization": "65992", "incomeBeforeTax": "-7755184", "incomeTaxExpense": "3326", "interestAndDebtExpense": "None", "netIncomeFromContinuingOperations": "-7755184", "comprehensiveIncomeNetOfTax": "None", "ebit": "-7828679", "ebitda": "-7762687", "netIncome": "-7755184"}, {"fiscalDateEnding": "2021-09-30", "reportedCurrency": "USD", "grossProfit": "-69444", "totalRevenue": "0", "costOfRevenue": "69444", "costofGoodsAndServicesSold": "69444", "operatingIncome": "-9430411", "sellingGeneralAndAdministrative": "3414795", "researchAndDevelopment": "6015616", "operatingExpenses": "9430411", "investmentIncomeNet": "None", "netInterestIncome": "-33", "interestIncome": "None", "interestExpense": "33", "nonInterestIncome": "None", "otherNonOperatingIncome": "None", "depreciation": "None", "depreciationAndAmortization": "69443", "incomeBeforeTax": "-9452351", "incomeTaxExpense": "21940", "interestAndDebtExpense": "None", "netIncomeFromContinuingOperations": "-9452351", "comprehensiveIncomeNetOfTax": "None", "ebit": "-9430411", "ebitda": "-9360968", "netIncome": "-9452351"}, {"fiscalDateEnding": "2021-06-30", "reportedCurrency": "USD", "grossProfit": "-60237", "totalRevenue": "0", "costOfRevenue": "60237", "costofGoodsAndServicesSold": "60237", "operatingIncome": "-9997582", "sellingGeneralAndAdministrative": "3343325", "researchAndDevelopment": "6654257", "operatingExpenses": "9997582", "investmentIncomeNet": "None", "netInterestIncome": "-588", "interestIncome": "None", "interestExpense": "588", "nonInterestIncome": "None", "otherNonOperatingIncome": "-253431", "depreciation": "None", "depreciationAndAmortization": "60238", "incomeBeforeTax": "-10251013", "incomeTaxExpense": "253431", "interestAndDebtExpense": "None", "netIncomeFromContinuingOperations": "-10251013", "comprehensiveIncomeNetOfTax": "None", "ebit": "-9997582", "ebitda": "-9937344", "netIncome": "-10251013"}, {"fiscalDateEnding": "2021-03-31", "reportedCurrency": "USD", "grossProfit": "-76004", "totalRevenue": "0", "costOfRevenue": "76004", "costofGoodsAndServicesSold": "76004", "operatingIncome": "-10189681", "sellingGeneralAndAdministrative": "3425833", "researchAndDevelopment": "6763848", "operatingExpenses": "10189681", "investmentIncomeNet": "None", "netInterestIncome": "-1057", "interestIncome": "None", "interestExpense": "1057", "nonInterestIncome": "None", "otherNonOperatingIncome": "520926", "depreciation": "None", "depreciationAndAmortization": "76004", "incomeBeforeTax": "-9668755", "incomeTaxExpense": "-520926", "interestAndDebtExpense": "None", "netIncomeFromContinuingOperations": "-9668755", "comprehensiveIncomeNetOfTax": "None", "ebit": "-10189681", "ebitda": "-10113677", "netIncome": "-9668755"}, {"fiscalDateEnding": "2020-12-31", "reportedCurrency": "USD", "grossProfit": "None", "totalRevenue": "0", "costOfRevenue": "None", "costofGoodsAndServicesSold": "None", "operatingIncome": "-14223402", "sellingGeneralAndAdministrative": "4895323", "researchAndDevelopment": "9328079", "operatingExpenses": "14223402", "investmentIncomeNet": "None", "netInterestIncome": "4744", "interestIncome": "None", "interestExpense": "4744", "nonInterestIncome": "None", "otherNonOperatingIncome": "None", "depreciation": "None", "depreciationAndAmortization": "56893", "incomeBeforeTax": "-15392546", "incomeTaxExpense": "1112251", "interestAndDebtExpense": "None", "netIncomeFromContinuingOperations": "-15392546", "comprehensiveIncomeNetOfTax": "None", "ebit": "-14223402", "ebitda": "-14166509", "netIncome": "-15392546"}, {"fiscalDateEnding": "2020-09-30", "reportedCurrency": "USD", "grossProfit": "None", "totalRevenue": "0", "costOfRevenue": "None", "costofGoodsAndServicesSold": "None", "operatingIncome": "-12234305", "sellingGeneralAndAdministrative": "3473210", "researchAndDevelopment": "8761095", "operatingExpenses": "12234305", "investmentIncomeNet": "None", "netInterestIncome": "-9212", "interestIncome": "None", "interestExpense": "9212", "nonInterestIncome": "None", "otherNonOperatingIncome": "None", "depreciation": "None", "depreciationAndAmortization": "56687", "incomeBeforeTax": "-12318082", "incomeTaxExpense": "83777", "interestAndDebtExpense": "None", "netIncomeFromContinuingOperations": "-12318082", "comprehensiveIncomeNetOfTax": "None", "ebit": "-12234305", "ebitda": "-12177618", "netIncome": "-12318082"}, {"fiscalDateEnding": "2020-06-30", "reportedCurrency": "USD", "grossProfit": "None", "totalRevenue": "0", "costOfRevenue": "None", "costofGoodsAndServicesSold": "None", "operatingIncome": "-14480915", "sellingGeneralAndAdministrative": "3786886", "researchAndDevelopment": "10694029", "operatingExpenses": "14480915", "investmentIncomeNet": "None", "netInterestIncome": "2678", "interestIncome": "None", "interestExpense": "2678", "nonInterestIncome": "None", "otherNonOperatingIncome": "None", "depreciation": "None", "depreciationAndAmortization": "48256", "incomeBeforeTax": "-16367927", "incomeTaxExpense": "1887012", "interestAndDebtExpense": "None", "netIncomeFromContinuingOperations": "-16367927", "comprehensiveIncomeNetOfTax": "None", "ebit": "-14480915", "ebitda": "-14432659", "netIncome": "-16367927"}, {"fiscalDateEnding": "2020-03-31", "reportedCurrency": "USD", "grossProfit": "None", "totalRevenue": "0", "costOfRevenue": "None", "costofGoodsAndServicesSold": "None", "operatingIncome": "-11872590", "sellingGeneralAndAdministrative": "2776468", "researchAndDevelopment": "9096122", "operatingExpenses": "11872590", "investmentIncomeNet": "None", "netInterestIncome": "224442", "interestIncome": "2472330", "interestExpense": "224442", "nonInterestIncome": "None", "otherNonOperatingIncome": "None", "depreciation": "None", "depreciationAndAmortization": "67774", "incomeBeforeTax": "-9400257", "incomeTaxExpense": "-2540107", "interestAndDebtExpense": "None", "netIncomeFromContinuingOperations": "-9400257", "comprehensiveIncomeNetOfTax": "None", "ebit": "-11872590", "ebitda": "-11804816", "netIncome": "-9400257"}, {"fiscalDateEnding": "2019-12-31", "reportedCurrency": "USD", "grossProfit": "None", "totalRevenue": "0", "costOfRevenue": "None", "costofGoodsAndServicesSold": "None", "operatingIncome": "-11979758", "sellingGeneralAndAdministrative": "3937765", "researchAndDevelopment": "8041993", "operatingExpenses": "11979758", "investmentIncomeNet": "None", "netInterestIncome": "169888", "interestIncome": "1092980", "interestExpense": "169888", "nonInterestIncome": "None", "otherNonOperatingIncome": "None", "depreciation": "None", "depreciationAndAmortization": "51855", "incomeBeforeTax": "-13072738", "incomeTaxExpense": "1041125", "interestAndDebtExpense": "None", "netIncomeFromContinuingOperations": "-13072738", "comprehensiveIncomeNetOfTax": "None", "ebit": "-14570766", "ebitda": "-14518911", "netIncome": "-13072738"}, {"fiscalDateEnding": "2019-09-30", "reportedCurrency": "USD", "grossProfit": "None", "totalRevenue": "0", "costOfRevenue": "None", "costofGoodsAndServicesSold": "None", "operatingIncome": "-7218355", "sellingGeneralAndAdministrative": "2307946", "researchAndDevelopment": "4910409", "operatingExpenses": "7218355", "investmentIncomeNet": "None", "netInterestIncome": "-6098", "interestIncome": "968930", "interestExpense": "6098", "nonInterestIncome": "None", "otherNonOperatingIncome": "None", "depreciation": "None", "depreciationAndAmortization": "61807", "incomeBeforeTax": "-6249419", "incomeTaxExpense": "6098", "interestAndDebtExpense": "None", "netIncomeFromContinuingOperations": "-6249419", "comprehensiveIncomeNetOfTax": "None", "ebit": "-7218355", "ebitda": "-7156548", "netIncome": "-6249419"}, {"fiscalDateEnding": "2019-06-30", "reportedCurrency": "USD", "grossProfit": "0", "totalRevenue": "0", "costOfRevenue": "0", "costofGoodsAndServicesSold": "0", "operatingIncome": "-5938415", "sellingGeneralAndAdministrative": "1618589", "researchAndDevelopment": "4319826", "operatingExpenses": "5938415", "investmentIncomeNet": "None", "netInterestIncome": "-4091", "interestIncome": "1608530", "interestExpense": "4091", "nonInterestIncome": "None", "otherNonOperatingIncome": "0", "depreciation": "None", "depreciationAndAmortization": "28669", "incomeBeforeTax": "-5262448", "incomeTaxExpense": "-675967", "interestAndDebtExpense": "None", "netIncomeFromContinuingOperations": "-5262448", "comprehensiveIncomeNetOfTax": "None", "ebit": "-5938415", "ebitda": "-5909746", "netIncome": "-5262448"}, {"fiscalDateEnding": "2019-03-31", "reportedCurrency": "USD", "grossProfit": "0", "totalRevenue": "0", "costOfRevenue": "0", "costofGoodsAndServicesSold": "0", "operatingIncome": "-4407770", "sellingGeneralAndAdministrative": "729326", "researchAndDevelopment": "3678444", "operatingExpenses": "4407770", "investmentIncomeNet": "None", "netInterestIncome": "-3348", "interestIncome": "932570", "interestExpense": "3348", "nonInterestIncome": "None", "otherNonOperatingIncome": "0", "depreciation": "None", "depreciationAndAmortization": "27923", "incomeBeforeTax": "-3475202", "incomeTaxExpense": "-932568", "interestAndDebtExpense": "None", "netIncomeFromContinuingOperations": "-3475202", "comprehensiveIncomeNetOfTax": "None", "ebit": "-4407770", "ebitda": "-4379847", "netIncome": "-3475202"}, {"fiscalDateEnding": "2018-12-31", "reportedCurrency": "USD", "grossProfit": "0", "totalRevenue": "0", "costOfRevenue": "0", "costofGoodsAndServicesSold": "0", "operatingIncome": "-4899370", "sellingGeneralAndAdministrative": "504449", "researchAndDevelopment": "4394921", "operatingExpenses": "4899370", "investmentIncomeNet": "None", "netInterestIncome": "None", "interestIncome": "None", "interestExpense": "2", "nonInterestIncome": "None", "otherNonOperatingIncome": "0", "depreciation": "None", "depreciationAndAmortization": "1795", "incomeBeforeTax": "-4679668", "incomeTaxExpense": "-2", "interestAndDebtExpense": "None", "netIncomeFromContinuingOperations": "-3908966", "comprehensiveIncomeNetOfTax": "None", "ebit": "-4899370", "ebitda": "-4897575", "netIncome": "-4679668"}, {"fiscalDateEnding": "2018-09-30", "reportedCurrency": "USD", "grossProfit": "0", "totalRevenue": "0", "costOfRevenue": "0", "costofGoodsAndServicesSold": "0", "operatingIncome": "-2930724", "sellingGeneralAndAdministrative": "623702", "researchAndDevelopment": "2307022", "operatingExpenses": "2930724", "investmentIncomeNet": "None", "netInterestIncome": "None", "interestIncome": "None", "interestExpense": "4", "nonInterestIncome": "None", "otherNonOperatingIncome": "0", "depreciation": "None", "depreciationAndAmortization": "2258", "incomeBeforeTax": "-3138262", "incomeTaxExpense": "207538", "interestAndDebtExpense": "None", "netIncomeFromContinuingOperations": "-3138262", "comprehensiveIncomeNetOfTax": "None", "ebit": "-2930724", "ebitda": "-2928466", "netIncome": "-3138262"}, {"fiscalDateEnding": "2018-06-30", "reportedCurrency": "USD", "grossProfit": "None", "totalRevenue": "None", "costOfRevenue": "None", "costofGoodsAndServicesSold": "None", "operatingIncome": "None", "sellingGeneralAndAdministrative": "1166520", "researchAndDevelopment": "None", "operatingExpenses": "None", "investmentIncomeNet": "None", "netInterestIncome": "None", "interestIncome": "None", "interestExpense": "None", "nonInterestIncome": "None", "otherNonOperatingIncome": "None", "depreciation": "None", "depreciationAndAmortization": "None", "incomeBeforeTax": "None", "incomeTaxExpense": "None", "interestAndDebtExpense": "None", "netIncomeFromContinuingOperations": "None", "comprehensiveIncomeNetOfTax": "None", "ebit": "None", "ebitda": "None", "netIncome": "None"}, {"fiscalDateEnding": "2014-12-31", "reportedCurrency": "USD", "grossProfit": "0", "totalRevenue": "0", "costOfRevenue": "0", "costofGoodsAndServicesSold": "0", "operatingIncome": "-3750", "sellingGeneralAndAdministrative": "3750", "researchAndDevelopment": "None", "operatingExpenses": "0", "investmentIncomeNet": "None", "netInterestIncome": "None", "interestIncome": "None", "interestExpense": "47226", "nonInterestIncome": "None", "otherNonOperatingIncome": "None", "depreciation": "None", "depreciationAndAmortization": "None", "incomeBeforeTax": "-50976", "incomeTaxExpense": "0", "interestAndDebtExpense": "None", "netIncomeFromContinuingOperations": "-50976", "comprehensiveIncomeNetOfTax": "None", "ebit": "-3750", "ebitda": "None", "netIncome": "-50976"}, {"fiscalDateEnding": "2014-09-30", "reportedCurrency": "USD", "grossProfit": "0", "totalRevenue": "0", "costOfRevenue": "0", "costofGoodsAndServicesSold": "0", "operatingIncome": "-37450", "sellingGeneralAndAdministrative": "37450", "researchAndDevelopment": "None", "operatingExpenses": "0", "investmentIncomeNet": "None", "netInterestIncome": "None", "interestIncome": "None", "interestExpense": "47226", "nonInterestIncome": "None", "otherNonOperatingIncome": "None", "depreciation": "None", "depreciationAndAmortization": "None", "incomeBeforeTax": "-215379", "incomeTaxExpense": "0", "interestAndDebtExpense": "None", "netIncomeFromContinuingOperations": "-215379", "comprehensiveIncomeNetOfTax": "None", "ebit": "-168153", "ebitda": "None", "netIncome": "-215379"}, {"fiscalDateEnding": "2013-12-31", "reportedCurrency": "USD", "grossProfit": "0", "totalRevenue": "0", "costOfRevenue": "0", "costofGoodsAndServicesSold": "0", "operatingIncome": "-215791", "sellingGeneralAndAdministrative": "215791", "researchAndDevelopment": "None", "operatingExpenses": "0", "investmentIncomeNet": "None", "netInterestIncome": "None", "interestIncome": "None", "interestExpense": "20907", "nonInterestIncome": "None", "otherNonOperatingIncome": "None", "depreciation": "None", "depreciationAndAmortization": "None", "incomeBeforeTax": "-236698", "incomeTaxExpense": "0", "interestAndDebtExpense": "None", "netIncomeFromContinuingOperations": "-236698", "comprehensiveIncomeNetOfTax": "None", "ebit": "-215791", "ebitda": "None", "netIncome": "-236698"}, {"fiscalDateEnding": "2013-09-30", "reportedCurrency": "USD", "grossProfit": "0", "totalRevenue": "0", "costOfRevenue": "0", "costofGoodsAndServicesSold": "0", "operatingIncome": "-215791", "sellingGeneralAndAdministrative": "215791", "researchAndDevelopment": "None", "operatingExpenses": "0", "investmentIncomeNet": "None", "netInterestIncome": "None", "interestIncome": "None", "interestExpense": "127003", "nonInterestIncome": "None", "otherNonOperatingIncome": "None", "depreciation": "None", "depreciationAndAmortization": "None", "incomeBeforeTax": "-127003", "incomeTaxExpense": "0", "interestAndDebtExpense": "None", "netIncomeFromContinuingOperations": "-127003", "comprehensiveIncomeNetOfTax": "None", "ebit": "0", "ebitda": "None", "netIncome": "-127003"}]}