{"symbol": "AQMS", "annualReports": [{"fiscalDateEnding": "2024-12-31", "reportedCurrency": "USD", "grossProfit": "-7213000", "totalRevenue": "0", "costOfRevenue": "7213000", "costofGoodsAndServicesSold": "7213000", "operatingIncome": "-23847000", "sellingGeneralAndAdministrative": "11967000", "researchAndDevelopment": "1587000", "operatingExpenses": "16634000", "investmentIncomeNet": "None", "netInterestIncome": "-198000", "interestIncome": "376000", "interestExpense": "574000", "nonInterestIncome": "None", "otherNonOperatingIncome": "None", "depreciation": "None", "depreciationAndAmortization": "1274000", "incomeBeforeTax": "-24552000", "incomeTaxExpense": "3000", "interestAndDebtExpense": "None", "netIncomeFromContinuingOperations": "-24555000", "comprehensiveIncomeNetOfTax": "None", "ebit": "-23978000", "ebitda": "-22704000", "netIncome": "-24555000"}, {"fiscalDateEnding": "2023-12-31", "reportedCurrency": "USD", "grossProfit": "-6257000", "totalRevenue": "25000", "costOfRevenue": "6282000", "costofGoodsAndServicesSold": "6282000", "operatingIncome": "-24464000", "sellingGeneralAndAdministrative": "11638000", "researchAndDevelopment": "1741000", "operatingExpenses": "18207000", "investmentIncomeNet": "None", "netInterestIncome": "378000", "interestIncome": "999000", "interestExpense": "621000", "nonInterestIncome": "None", "otherNonOperatingIncome": "None", "depreciation": "None", "depreciationAndAmortization": "1271000", "incomeBeforeTax": "-23938000", "incomeTaxExpense": "1103105", "interestAndDebtExpense": "None", "netIncomeFromContinuingOperations": "-17882000", "comprehensiveIncomeNetOfTax": "None", "ebit": "-23317000", "ebitda": "-22046000", "netIncome": "-23938000"}, {"fiscalDateEnding": "2022-12-31", "reportedCurrency": "USD", "grossProfit": "-3955000", "totalRevenue": "4000", "costOfRevenue": "3959000", "costofGoodsAndServicesSold": "3959000", "operatingIncome": "-15566000", "sellingGeneralAndAdministrative": "9815000", "researchAndDevelopment": "1813000", "operatingExpenses": "11611000", "investmentIncomeNet": "None", "netInterestIncome": "137000", "interestIncome": "262000", "interestExpense": "125000", "nonInterestIncome": "None", "otherNonOperatingIncome": "279000", "depreciation": "None", "depreciationAndAmortization": "1061000", "incomeBeforeTax": "-15429000", "incomeTaxExpense": "2000", "interestAndDebtExpense": "None", "netIncomeFromContinuingOperations": "-15431000", "comprehensiveIncomeNetOfTax": "None", "ebit": "-15304000", "ebitda": "-14243000", "netIncome": "-15431000"}, {"fiscalDateEnding": "2021-12-31", "reportedCurrency": "USD", "grossProfit": "-6844000", "totalRevenue": "173000", "costOfRevenue": "7017000", "costofGoodsAndServicesSold": "7017000", "operatingIncome": "-17465000", "sellingGeneralAndAdministrative": "9688000", "researchAndDevelopment": "933000", "operatingExpenses": "10621000", "investmentIncomeNet": "None", "netInterestIncome": "358000", "interestIncome": "379000", "interestExpense": "21000", "nonInterestIncome": "None", "otherNonOperatingIncome": "None", "depreciation": "None", "depreciationAndAmortization": "1320000", "incomeBeforeTax": "-18191000", "incomeTaxExpense": "2000", "interestAndDebtExpense": "None", "netIncomeFromContinuingOperations": "-18193000", "comprehensiveIncomeNetOfTax": "None", "ebit": "-18170000", "ebitda": "-16850000", "netIncome": "-18193000"}, {"fiscalDateEnding": "2020-12-31", "reportedCurrency": "USD", "grossProfit": "-5368000", "totalRevenue": "108000", "costOfRevenue": "5476000", "costofGoodsAndServicesSold": "5476000", "operatingIncome": "-15393000", "sellingGeneralAndAdministrative": "8998000", "researchAndDevelopment": "1027000", "operatingExpenses": "10025000", "investmentIncomeNet": "None", "netInterestIncome": "-1572000", "interestIncome": "48000", "interestExpense": "1620000", "nonInterestIncome": "None", "otherNonOperatingIncome": "-8747000", "depreciation": "None", "depreciationAndAmortization": "2456000", "incomeBeforeTax": "-25760000", "incomeTaxExpense": "2000", "interestAndDebtExpense": "None", "netIncomeFromContinuingOperations": "-25762000", "comprehensiveIncomeNetOfTax": "None", "ebit": "-24140000", "ebitda": "-21684000", "netIncome": "-25762000"}, {"fiscalDateEnding": "2019-12-31", "reportedCurrency": "USD", "grossProfit": "-19925000", "totalRevenue": "4874000", "costOfRevenue": "24799000", "costofGoodsAndServicesSold": "24799000", "operatingIncome": "-40794000", "sellingGeneralAndAdministrative": "19314000", "researchAndDevelopment": "1555000", "operatingExpenses": "20869000", "investmentIncomeNet": "None", "netInterestIncome": "-3207000", "interestIncome": "270000", "interestExpense": "3477000", "nonInterestIncome": "None", "otherNonOperatingIncome": "-3999000", "depreciation": "None", "depreciationAndAmortization": "3728000", "incomeBeforeTax": "-44793000", "incomeTaxExpense": "2000", "interestAndDebtExpense": "None", "netIncomeFromContinuingOperations": "-44795000", "comprehensiveIncomeNetOfTax": "None", "ebit": "-41416000", "ebitda": "-37688000", "netIncome": "-44795000"}, {"fiscalDateEnding": "2018-12-31", "reportedCurrency": "USD", "grossProfit": "-18312000", "totalRevenue": "4449000", "costOfRevenue": "22761000", "costofGoodsAndServicesSold": "22761000", "operatingIncome": "-37028000", "sellingGeneralAndAdministrative": "14214000", "researchAndDevelopment": "4502000", "operatingExpenses": "18716000", "investmentIncomeNet": "None", "netInterestIncome": "-3224000", "interestIncome": "223000", "interestExpense": "3447000", "nonInterestIncome": "None", "otherNonOperatingIncome": "223000", "depreciation": "None", "depreciationAndAmortization": "3447000", "incomeBeforeTax": "-40252000", "incomeTaxExpense": "2000", "interestAndDebtExpense": "None", "netIncomeFromContinuingOperations": "-40254000", "comprehensiveIncomeNetOfTax": "None", "ebit": "-36805000", "ebitda": "-33358000", "netIncome": "-40254000"}, {"fiscalDateEnding": "2017-12-31", "reportedCurrency": "USD", "grossProfit": "-7453000", "totalRevenue": "2088000", "costOfRevenue": "9541000", "costofGoodsAndServicesSold": "9541000", "operatingIncome": "-24858000", "sellingGeneralAndAdministrative": "6891000", "researchAndDevelopment": "8103000", "operatingExpenses": "14994000", "investmentIncomeNet": "None", "netInterestIncome": "-1720000", "interestIncome": "41000", "interestExpense": "1761000", "nonInterestIncome": "None", "otherNonOperatingIncome": "41000", "depreciation": "None", "depreciationAndAmortization": "3102000", "incomeBeforeTax": "-26578000", "incomeTaxExpense": "2000", "interestAndDebtExpense": "None", "netIncomeFromContinuingOperations": "-26580000", "comprehensiveIncomeNetOfTax": "None", "ebit": "-24817000", "ebitda": "-21715000", "netIncome": "-26580000"}, {"fiscalDateEnding": "2016-12-31", "reportedCurrency": "USD", "grossProfit": "-815000", "totalRevenue": "0", "costOfRevenue": "815000", "costofGoodsAndServicesSold": "815000", "operatingIncome": "-12958000", "sellingGeneralAndAdministrative": "6610000", "researchAndDevelopment": "6348000", "operatingExpenses": "12958000", "investmentIncomeNet": "None", "netInterestIncome": "-598000", "interestIncome": "41000", "interestExpense": "639000", "nonInterestIncome": "None", "otherNonOperatingIncome": "41000", "depreciation": "None", "depreciationAndAmortization": "815000", "incomeBeforeTax": "-13556000", "incomeTaxExpense": "1000", "interestAndDebtExpense": "None", "netIncomeFromContinuingOperations": "-13557000", "comprehensiveIncomeNetOfTax": "None", "ebit": "-12917000", "ebitda": "-12102000", "netIncome": "-13557000"}, {"fiscalDateEnding": "2015-12-31", "reportedCurrency": "USD", "grossProfit": "-198905", "totalRevenue": "0", "costOfRevenue": "198905", "costofGoodsAndServicesSold": "198905", "operatingIncome": "-5451263", "sellingGeneralAndAdministrative": "3170659", "researchAndDevelopment": "2280604", "operatingExpenses": "5451263", "investmentIncomeNet": "None", "netInterestIncome": "None", "interestIncome": "6885270", "interestExpense": "1128244", "nonInterestIncome": "None", "otherNonOperatingIncome": "-5750530", "depreciation": "None", "depreciationAndAmortization": "198905", "incomeBeforeTax": "-12330037", "incomeTaxExpense": "1600", "interestAndDebtExpense": "None", "netIncomeFromContinuingOperations": "-12332000", "comprehensiveIncomeNetOfTax": "None", "ebit": "-5450905", "ebitda": "-5252000", "netIncome": "-12331637"}, {"fiscalDateEnding": "2014-12-31", "reportedCurrency": "USD", "grossProfit": "0", "totalRevenue": "0", "costOfRevenue": "0", "costofGoodsAndServicesSold": "0", "operatingIncome": "-2813312", "sellingGeneralAndAdministrative": "2813312", "researchAndDevelopment": "2280000", "operatingExpenses": "5157826", "investmentIncomeNet": "None", "netInterestIncome": "None", "interestIncome": "None", "interestExpense": "0", "nonInterestIncome": "None", "otherNonOperatingIncome": "None", "depreciation": "None", "depreciationAndAmortization": "90846", "incomeBeforeTax": "-5589586", "incomeTaxExpense": "-842084", "interestAndDebtExpense": "None", "netIncomeFromContinuingOperations": "-4747502", "comprehensiveIncomeNetOfTax": "None", "ebit": "-2813312", "ebitda": "-2722466", "netIncome": "-4747502"}], "quarterlyReports": [{"fiscalDateEnding": "2025-09-30", "reportedCurrency": "USD", "grossProfit": "-576000", "totalRevenue": "0", "costOfRevenue": "576000", "costofGoodsAndServicesSold": "576000", "operatingIncome": "-3040000", "sellingGeneralAndAdministrative": "2136000", "researchAndDevelopment": "328000", "operatingExpenses": "2464000", "investmentIncomeNet": "None", "netInterestIncome": "16000", "interestIncome": "28000", "interestExpense": "12000", "nonInterestIncome": "None", "otherNonOperatingIncome": "None", "depreciation": "None", "depreciationAndAmortization": "276000", "incomeBeforeTax": "-3121000", "incomeTaxExpense": "None", "interestAndDebtExpense": "None", "netIncomeFromContinuingOperations": "-3121000", "comprehensiveIncomeNetOfTax": "None", "ebit": "-3109000", "ebitda": "-2833000", "netIncome": "-3121000"}, {"fiscalDateEnding": "2025-06-30", "reportedCurrency": "USD", "grossProfit": "-776000", "totalRevenue": "0", "costOfRevenue": "776000", "costofGoodsAndServicesSold": "776000", "operatingIncome": "-7031000", "sellingGeneralAndAdministrative": "2195000", "researchAndDevelopment": "295000", "operatingExpenses": "6255000", "investmentIncomeNet": "None", "netInterestIncome": "252000", "interestIncome": "497000", "interestExpense": "245000", "nonInterestIncome": "None", "otherNonOperatingIncome": "None", "depreciation": "None", "depreciationAndAmortization": "280000", "incomeBeforeTax": "-6768000", "incomeTaxExpense": "2000", "interestAndDebtExpense": "None", "netIncomeFromContinuingOperations": "-6770000", "comprehensiveIncomeNetOfTax": "None", "ebit": "-6523000", "ebitda": "-6243000", "netIncome": "-6770000"}, {"fiscalDateEnding": "2025-03-31", "reportedCurrency": "USD", "grossProfit": "-724000", "totalRevenue": "0", "costOfRevenue": "724000", "costofGoodsAndServicesSold": "724000", "operatingIncome": "-8683000", "sellingGeneralAndAdministrative": "2376000", "researchAndDevelopment": "336000", "operatingExpenses": "7959000", "investmentIncomeNet": "None", "netInterestIncome": "-123000", "interestIncome": "280000", "interestExpense": "403000", "nonInterestIncome": "None", "otherNonOperatingIncome": "None", "depreciation": "None", "depreciationAndAmortization": "298000", "incomeBeforeTax": "-8315000", "incomeTaxExpense": "None", "interestAndDebtExpense": "None", "netIncomeFromContinuingOperations": "-8315000", "comprehensiveIncomeNetOfTax": "None", "ebit": "-7912000", "ebitda": "-7614000", "netIncome": "-8315000"}, {"fiscalDateEnding": "2024-12-31", "reportedCurrency": "USD", "grossProfit": "-1015000", "totalRevenue": "0", "costOfRevenue": "1015000", "costofGoodsAndServicesSold": "1015000", "operatingIncome": "-6682000", "sellingGeneralAndAdministrative": "2797000", "researchAndDevelopment": "238000", "operatingExpenses": "5667000", "investmentIncomeNet": "None", "netInterestIncome": "-254000", "interestIncome": "47000", "interestExpense": "301000", "nonInterestIncome": "None", "otherNonOperatingIncome": "None", "depreciation": "None", "depreciationAndAmortization": "290000", "incomeBeforeTax": "-7443000", "incomeTaxExpense": "None", "interestAndDebtExpense": "None", "netIncomeFromContinuingOperations": "-7443000", "comprehensiveIncomeNetOfTax": "None", "ebit": "-4050000", "ebitda": "-3760000", "netIncome": "-7443000"}, {"fiscalDateEnding": "2024-09-30", "reportedCurrency": "USD", "grossProfit": "-1617000", "totalRevenue": "0", "costOfRevenue": "1617000", "costofGoodsAndServicesSold": "1617000", "operatingIncome": "-5211000", "sellingGeneralAndAdministrative": "2748000", "researchAndDevelopment": "398000", "operatingExpenses": "3594000", "investmentIncomeNet": "None", "netInterestIncome": "1000", "interestIncome": "84000", "interestExpense": "83000", "nonInterestIncome": "None", "otherNonOperatingIncome": "None", "depreciation": "None", "depreciationAndAmortization": "319000", "incomeBeforeTax": "-5210000", "incomeTaxExpense": "None", "interestAndDebtExpense": "None", "netIncomeFromContinuingOperations": "-5210000", "comprehensiveIncomeNetOfTax": "None", "ebit": "-5127000", "ebitda": "-4808000", "netIncome": "-5210000"}, {"fiscalDateEnding": "2024-06-30", "reportedCurrency": "USD", "grossProfit": "-2373000", "totalRevenue": "0", "costOfRevenue": "2373000", "costofGoodsAndServicesSold": "2373000", "operatingIncome": "-6162000", "sellingGeneralAndAdministrative": "3426000", "researchAndDevelopment": "363000", "operatingExpenses": "3789000", "investmentIncomeNet": "None", "netInterestIncome": "15000", "interestIncome": "99000", "interestExpense": "84000", "nonInterestIncome": "None", "otherNonOperatingIncome": "None", "depreciation": "None", "depreciationAndAmortization": "340000", "incomeBeforeTax": "-6147000", "incomeTaxExpense": "3000", "interestAndDebtExpense": "None", "netIncomeFromContinuingOperations": "-6150000", "comprehensiveIncomeNetOfTax": "None", "ebit": "-6063000", "ebitda": "-5723000", "netIncome": "-6150000"}, {"fiscalDateEnding": "2024-03-31", "reportedCurrency": "USD", "grossProfit": "-2209000", "totalRevenue": "0", "costOfRevenue": "2209000", "costofGoodsAndServicesSold": "2209000", "operatingIncome": "-5792000", "sellingGeneralAndAdministrative": "2995000", "researchAndDevelopment": "588000", "operatingExpenses": "3583000", "investmentIncomeNet": "None", "netInterestIncome": "40000", "interestIncome": "146000", "interestExpense": "106000", "nonInterestIncome": "None", "otherNonOperatingIncome": "None", "depreciation": "None", "depreciationAndAmortization": "325000", "incomeBeforeTax": "-5752000", "incomeTaxExpense": "-325000", "interestAndDebtExpense": "None", "netIncomeFromContinuingOperations": "-5752000", "comprehensiveIncomeNetOfTax": "None", "ebit": "-5646000", "ebitda": "-5321000", "netIncome": "-5752000"}, {"fiscalDateEnding": "2023-12-31", "reportedCurrency": "USD", "grossProfit": "-1966000", "totalRevenue": "24000", "costOfRevenue": "1966000", "costofGoodsAndServicesSold": "1966000", "operatingIncome": "-5316000", "sellingGeneralAndAdministrative": "2968000", "researchAndDevelopment": "382000", "operatingExpenses": "3350000", "investmentIncomeNet": "None", "netInterestIncome": "141000", "interestIncome": "244000", "interestExpense": "103000", "nonInterestIncome": "None", "otherNonOperatingIncome": "None", "depreciation": "None", "depreciationAndAmortization": "366000", "incomeBeforeTax": "-10026000", "incomeTaxExpense": "125000", "interestAndDebtExpense": "None", "netIncomeFromContinuingOperations": "-10026000", "comprehensiveIncomeNetOfTax": "None", "ebit": "-9923000", "ebitda": "-9557000", "netIncome": "-10026000"}, {"fiscalDateEnding": "2023-09-30", "reportedCurrency": "USD", "grossProfit": "-1745000", "totalRevenue": "25000", "costOfRevenue": "1770000", "costofGoodsAndServicesSold": "1770000", "operatingIncome": "-4949000", "sellingGeneralAndAdministrative": "2815000", "researchAndDevelopment": "389000", "operatingExpenses": "3204000", "investmentIncomeNet": "None", "netInterestIncome": "402000", "interestIncome": "489000", "interestExpense": "87000", "nonInterestIncome": "None", "otherNonOperatingIncome": "None", "depreciation": "None", "depreciationAndAmortization": "360000", "incomeBeforeTax": "-4547000", "incomeTaxExpense": "-360000", "interestAndDebtExpense": "None", "netIncomeFromContinuingOperations": "-4547000", "comprehensiveIncomeNetOfTax": "None", "ebit": "-4460000", "ebitda": "-4100000", "netIncome": "-4547000"}, {"fiscalDateEnding": "2023-06-30", "reportedCurrency": "USD", "grossProfit": "-1481000", "totalRevenue": "0", "costOfRevenue": "1481000", "costofGoodsAndServicesSold": "1481000", "operatingIncome": "-4855000", "sellingGeneralAndAdministrative": "2849000", "researchAndDevelopment": "525000", "operatingExpenses": "3374000", "investmentIncomeNet": "None", "netInterestIncome": "93000", "interestIncome": "348000", "interestExpense": "255000", "nonInterestIncome": "None", "otherNonOperatingIncome": "351000", "depreciation": "None", "depreciationAndAmortization": "359000", "incomeBeforeTax": "-4759000", "incomeTaxExpense": "255000", "interestAndDebtExpense": "None", "netIncomeFromContinuingOperations": "-4759000", "comprehensiveIncomeNetOfTax": "None", "ebit": "-4504000", "ebitda": "-4145000", "netIncome": "-4759000"}, {"fiscalDateEnding": "2023-03-31", "reportedCurrency": "USD", "grossProfit": "-1065000", "totalRevenue": "-24000", "costOfRevenue": "1065000", "costofGoodsAndServicesSold": "1065000", "operatingIncome": "-4496000", "sellingGeneralAndAdministrative": "3006000", "researchAndDevelopment": "445000", "operatingExpenses": "3431000", "investmentIncomeNet": "None", "netInterestIncome": "-110000", "interestIncome": "66000", "interestExpense": "176000", "nonInterestIncome": "None", "otherNonOperatingIncome": "86000", "depreciation": "None", "depreciationAndAmortization": "186000", "incomeBeforeTax": "-4606000", "incomeTaxExpense": "-20000", "interestAndDebtExpense": "None", "netIncomeFromContinuingOperations": "-4606000", "comprehensiveIncomeNetOfTax": "None", "ebit": "-4430000", "ebitda": "-4244000", "netIncome": "-4606000"}, {"fiscalDateEnding": "2022-12-31", "reportedCurrency": "USD", "grossProfit": "-933000", "totalRevenue": "5746000", "costOfRevenue": "933000", "costofGoodsAndServicesSold": "933000", "operatingIncome": "-3385000", "sellingGeneralAndAdministrative": "2200000", "researchAndDevelopment": "252000", "operatingExpenses": "2452000", "investmentIncomeNet": "None", "netInterestIncome": "-7000", "interestIncome": "96000", "interestExpense": "103000", "nonInterestIncome": "None", "otherNonOperatingIncome": "None", "depreciation": "None", "depreciationAndAmortization": "190000", "incomeBeforeTax": "-3970000", "incomeTaxExpense": "578000", "interestAndDebtExpense": "None", "netIncomeFromContinuingOperations": "-3970000", "comprehensiveIncomeNetOfTax": "None", "ebit": "-3867000", "ebitda": "-3677000", "netIncome": "-3970000"}, {"fiscalDateEnding": "2022-09-30", "reportedCurrency": "USD", "grossProfit": "-833000", "totalRevenue": "833000", "costOfRevenue": "833000", "costofGoodsAndServicesSold": "833000", "operatingIncome": "-3934000", "sellingGeneralAndAdministrative": "2611000", "researchAndDevelopment": "490000", "operatingExpenses": "3101000", "investmentIncomeNet": "None", "netInterestIncome": "44000", "interestIncome": "53000", "interestExpense": "9000", "nonInterestIncome": "None", "otherNonOperatingIncome": "58000", "depreciation": "None", "depreciationAndAmortization": "233000", "incomeBeforeTax": "-3885000", "incomeTaxExpense": "-5000", "interestAndDebtExpense": "None", "netIncomeFromContinuingOperations": "-3885000", "comprehensiveIncomeNetOfTax": "None", "ebit": "-3876000", "ebitda": "-3643000", "netIncome": "-3885000"}, {"fiscalDateEnding": "2022-06-30", "reportedCurrency": "USD", "grossProfit": "-1044000", "totalRevenue": "4000", "costOfRevenue": "1048000", "costofGoodsAndServicesSold": "1048000", "operatingIncome": "-3955000", "sellingGeneralAndAdministrative": "2390000", "researchAndDevelopment": "521000", "operatingExpenses": "2911000", "investmentIncomeNet": "None", "netInterestIncome": "50000", "interestIncome": "62000", "interestExpense": "12000", "nonInterestIncome": "None", "otherNonOperatingIncome": "None", "depreciation": "None", "depreciationAndAmortization": "228000", "incomeBeforeTax": "-3166000", "incomeTaxExpense": "-739000", "interestAndDebtExpense": "None", "netIncomeFromContinuingOperations": "-3166000", "comprehensiveIncomeNetOfTax": "None", "ebit": "-3154000", "ebitda": "-2926000", "netIncome": "-3166000"}, {"fiscalDateEnding": "2022-03-31", "reportedCurrency": "USD", "grossProfit": "-994000", "totalRevenue": "994000", "costOfRevenue": "994000", "costofGoodsAndServicesSold": "994000", "operatingIncome": "-4310000", "sellingGeneralAndAdministrative": "2765000", "researchAndDevelopment": "551000", "operatingExpenses": "3316000", "investmentIncomeNet": "None", "netInterestIncome": "52000", "interestIncome": "52000", "interestExpense": "150000", "nonInterestIncome": "None", "otherNonOperatingIncome": "None", "depreciation": "None", "depreciationAndAmortization": "410000", "incomeBeforeTax": "-4408000", "incomeTaxExpense": "2000", "interestAndDebtExpense": "None", "netIncomeFromContinuingOperations": "-4410000", "comprehensiveIncomeNetOfTax": "None", "ebit": "-4408000", "ebitda": "-3998000", "netIncome": "-4410000"}, {"fiscalDateEnding": "2021-12-31", "reportedCurrency": "USD", "grossProfit": "-1427000", "totalRevenue": "173000", "costOfRevenue": "1600000", "costofGoodsAndServicesSold": "1600000", "operatingIncome": "-4201000", "sellingGeneralAndAdministrative": "2579000", "researchAndDevelopment": "195000", "operatingExpenses": "2774000", "investmentIncomeNet": "None", "netInterestIncome": "39000", "interestIncome": "45000", "interestExpense": "6000", "nonInterestIncome": "None", "otherNonOperatingIncome": "None", "depreciation": "None", "depreciationAndAmortization": "259000", "incomeBeforeTax": "-4705000", "incomeTaxExpense": "6000", "interestAndDebtExpense": "None", "netIncomeFromContinuingOperations": "-4705000", "comprehensiveIncomeNetOfTax": "None", "ebit": "-4699000", "ebitda": "-4440000", "netIncome": "-4705000"}, {"fiscalDateEnding": "2021-09-30", "reportedCurrency": "USD", "grossProfit": "-1670000", "totalRevenue": "1670000", "costOfRevenue": "1670000", "costofGoodsAndServicesSold": "1670000", "operatingIncome": "-4624000", "sellingGeneralAndAdministrative": "2681000", "researchAndDevelopment": "273000", "operatingExpenses": "2954000", "investmentIncomeNet": "None", "netInterestIncome": "305000", "interestIncome": "310000", "interestExpense": "5000", "nonInterestIncome": "None", "otherNonOperatingIncome": "3243000", "depreciation": "None", "depreciationAndAmortization": "247000", "incomeBeforeTax": "-1386000", "incomeTaxExpense": "5000", "interestAndDebtExpense": "None", "netIncomeFromContinuingOperations": "-1386000", "comprehensiveIncomeNetOfTax": "None", "ebit": "-1380999", "ebitda": "-1133999", "netIncome": "-1386000"}, {"fiscalDateEnding": "2021-06-30", "reportedCurrency": "USD", "grossProfit": "-2138000", "totalRevenue": "2138000", "costOfRevenue": "2138000", "costofGoodsAndServicesSold": "2138000", "operatingIncome": "-4443000", "sellingGeneralAndAdministrative": "2129000", "researchAndDevelopment": "176000", "operatingExpenses": "2305000", "investmentIncomeNet": "None", "netInterestIncome": "20000", "interestIncome": "24000", "interestExpense": "4000", "nonInterestIncome": "None", "otherNonOperatingIncome": "-3569000", "depreciation": "None", "depreciationAndAmortization": "315000", "incomeBeforeTax": "-8016000", "incomeTaxExpense": "4000", "interestAndDebtExpense": "None", "netIncomeFromContinuingOperations": "-8016000", "comprehensiveIncomeNetOfTax": "None", "ebit": "-8012000", "ebitda": "-7697000", "netIncome": "-8016000"}, {"fiscalDateEnding": "2021-03-31", "reportedCurrency": "USD", "grossProfit": "-1610000", "totalRevenue": "1610000", "costOfRevenue": "1610000", "costofGoodsAndServicesSold": "1610000", "operatingIncome": "-4198000", "sellingGeneralAndAdministrative": "2299000", "researchAndDevelopment": "289000", "operatingExpenses": "2588000", "investmentIncomeNet": "None", "netInterestIncome": "-5000", "interestIncome": "0", "interestExpense": "5000", "nonInterestIncome": "None", "otherNonOperatingIncome": "119000", "depreciation": "None", "depreciationAndAmortization": "499000", "incomeBeforeTax": "-4083999", "incomeTaxExpense": "2000", "interestAndDebtExpense": "None", "netIncomeFromContinuingOperations": "-4086000", "comprehensiveIncomeNetOfTax": "None", "ebit": "-4079000", "ebitda": "-3580000", "netIncome": "-4086000"}, {"fiscalDateEnding": "2020-12-31", "reportedCurrency": "USD", "grossProfit": "-1081000", "totalRevenue": "0", "costOfRevenue": "1081000", "costofGoodsAndServicesSold": "1081000", "operatingIncome": "-4151000", "sellingGeneralAndAdministrative": "2712000", "researchAndDevelopment": "358000", "operatingExpenses": "3070000", "investmentIncomeNet": "None", "netInterestIncome": "-1102000", "interestIncome": "5000", "interestExpense": "1107000", "nonInterestIncome": "None", "otherNonOperatingIncome": "-6813000", "depreciation": "None", "depreciationAndAmortization": "450000", "incomeBeforeTax": "-15515000", "incomeTaxExpense": "1107000", "interestAndDebtExpense": "None", "netIncomeFromContinuingOperations": "-15515000", "comprehensiveIncomeNetOfTax": "None", "ebit": "-4151000", "ebitda": "-3701000", "netIncome": "-15515000"}, {"fiscalDateEnding": "2020-09-30", "reportedCurrency": "USD", "grossProfit": "-1545000", "totalRevenue": "90000", "costOfRevenue": "1635000", "costofGoodsAndServicesSold": "1635000", "operatingIncome": "-3411000", "sellingGeneralAndAdministrative": "1656000", "researchAndDevelopment": "210000", "operatingExpenses": "1866000", "investmentIncomeNet": "None", "netInterestIncome": "-148000", "interestIncome": "18000", "interestExpense": "166000", "nonInterestIncome": "None", "otherNonOperatingIncome": "-1704000", "depreciation": "None", "depreciationAndAmortization": "644000", "incomeBeforeTax": "-1837000", "incomeTaxExpense": "166000", "interestAndDebtExpense": "None", "netIncomeFromContinuingOperations": "-1837000", "comprehensiveIncomeNetOfTax": "None", "ebit": "-1671000", "ebitda": "-1027000", "netIncome": "-1837000"}, {"fiscalDateEnding": "2020-06-30", "reportedCurrency": "USD", "grossProfit": "-1306000", "totalRevenue": "1306000", "costOfRevenue": "1306000", "costofGoodsAndServicesSold": "1306000", "operatingIncome": "-3768000", "sellingGeneralAndAdministrative": "2245000", "researchAndDevelopment": "217000", "operatingExpenses": "2462000", "investmentIncomeNet": "None", "netInterestIncome": "-161000", "interestIncome": "3000", "interestExpense": "164000", "nonInterestIncome": "None", "otherNonOperatingIncome": "-49000", "depreciation": "None", "depreciationAndAmortization": "681000", "incomeBeforeTax": "-3981000", "incomeTaxExpense": "2000", "interestAndDebtExpense": "None", "netIncomeFromContinuingOperations": "-3983000", "comprehensiveIncomeNetOfTax": "None", "ebit": "-3817000", "ebitda": "-3136000", "netIncome": "-3983000"}, {"fiscalDateEnding": "2020-03-31", "reportedCurrency": "USD", "grossProfit": "-1436000", "totalRevenue": "18000", "costOfRevenue": "1454000", "costofGoodsAndServicesSold": "1454000", "operatingIncome": "-4063000", "sellingGeneralAndAdministrative": "2385000", "researchAndDevelopment": "242000", "operatingExpenses": "2627000", "investmentIncomeNet": "None", "netInterestIncome": "-161000", "interestIncome": "22000", "interestExpense": "183000", "nonInterestIncome": "None", "otherNonOperatingIncome": "-181000", "depreciation": "None", "depreciationAndAmortization": "657000", "incomeBeforeTax": "-4427000", "incomeTaxExpense": "183000", "interestAndDebtExpense": "None", "netIncomeFromContinuingOperations": "-4427000", "comprehensiveIncomeNetOfTax": "None", "ebit": "-4232000", "ebitda": "-3575000", "netIncome": "-4427000"}, {"fiscalDateEnding": "2019-12-31", "reportedCurrency": "USD", "grossProfit": "-4109000", "totalRevenue": "593000", "costOfRevenue": "4702000", "costofGoodsAndServicesSold": "4702000", "operatingIncome": "-10280000", "sellingGeneralAndAdministrative": "5856000", "researchAndDevelopment": "315000", "operatingExpenses": "6171000", "investmentIncomeNet": "None", "netInterestIncome": "-198000", "interestIncome": "45000", "interestExpense": "243000", "nonInterestIncome": "None", "otherNonOperatingIncome": "None", "depreciation": "None", "depreciationAndAmortization": "957000", "incomeBeforeTax": "-11270000", "incomeTaxExpense": "-747000", "interestAndDebtExpense": "None", "netIncomeFromContinuingOperations": "-11270000", "comprehensiveIncomeNetOfTax": "None", "ebit": "-11027000", "ebitda": "-10070000", "netIncome": "-11270000"}, {"fiscalDateEnding": "2019-09-30", "reportedCurrency": "USD", "grossProfit": "-5870000", "totalRevenue": "2361000", "costOfRevenue": "8231000", "costofGoodsAndServicesSold": "8231000", "operatingIncome": "-11259000", "sellingGeneralAndAdministrative": "5107000", "researchAndDevelopment": "282000", "operatingExpenses": "5389000", "investmentIncomeNet": "None", "netInterestIncome": "-57000", "interestIncome": "85000", "interestExpense": "142000", "nonInterestIncome": "None", "otherNonOperatingIncome": "None", "depreciation": "None", "depreciationAndAmortization": "1095000", "incomeBeforeTax": "-11316000", "incomeTaxExpense": "85000", "interestAndDebtExpense": "None", "netIncomeFromContinuingOperations": "-11316000", "comprehensiveIncomeNetOfTax": "None", "ebit": "-11174000", "ebitda": "-10079000", "netIncome": "-11316000"}, {"fiscalDateEnding": "2019-06-30", "reportedCurrency": "USD", "grossProfit": "-5702000", "totalRevenue": "1483000", "costOfRevenue": "7185000", "costofGoodsAndServicesSold": "7185000", "operatingIncome": "-10375000", "sellingGeneralAndAdministrative": "4335000", "researchAndDevelopment": "338000", "operatingExpenses": "4673000", "investmentIncomeNet": "None", "netInterestIncome": "-126000", "interestIncome": "77000", "interestExpense": "203000", "nonInterestIncome": "None", "otherNonOperatingIncome": "77000", "depreciation": "None", "depreciationAndAmortization": "1138000", "incomeBeforeTax": "-10501000", "incomeTaxExpense": "-1061000", "interestAndDebtExpense": "None", "netIncomeFromContinuingOperations": "-10501000", "comprehensiveIncomeNetOfTax": "None", "ebit": "-10298000", "ebitda": "-9160000", "netIncome": "-10501000"}, {"fiscalDateEnding": "2019-03-31", "reportedCurrency": "USD", "grossProfit": "-4244000", "totalRevenue": "437000", "costOfRevenue": "4681000", "costofGoodsAndServicesSold": "4681000", "operatingIncome": "-8880000", "sellingGeneralAndAdministrative": "4016000", "researchAndDevelopment": "620000", "operatingExpenses": "4636000", "investmentIncomeNet": "None", "netInterestIncome": "-2826000", "interestIncome": "2826000", "interestExpense": "2889000", "nonInterestIncome": "None", "otherNonOperatingIncome": "63000", "depreciation": "None", "depreciationAndAmortization": "891000", "incomeBeforeTax": "-11706000", "incomeTaxExpense": "2000", "interestAndDebtExpense": "None", "netIncomeFromContinuingOperations": "-11708000", "comprehensiveIncomeNetOfTax": "None", "ebit": "-8817000", "ebitda": "-7926000", "netIncome": "-11708000"}, {"fiscalDateEnding": "2018-12-31", "reportedCurrency": "USD", "grossProfit": "-5201000", "totalRevenue": "1071000", "costOfRevenue": "6272000", "costofGoodsAndServicesSold": "6272000", "operatingIncome": "-12410000", "sellingGeneralAndAdministrative": "6352000", "researchAndDevelopment": "857000", "operatingExpenses": "7209000", "investmentIncomeNet": "None", "netInterestIncome": "None", "interestIncome": "None", "interestExpense": "1222000", "nonInterestIncome": "None", "otherNonOperatingIncome": "None", "depreciation": "None", "depreciationAndAmortization": "906000", "incomeBeforeTax": "-13532000", "incomeTaxExpense": "100000", "interestAndDebtExpense": "None", "netIncomeFromContinuingOperations": "-13532000", "comprehensiveIncomeNetOfTax": "None", "ebit": "-12298000", "ebitda": "-11392000", "netIncome": "-13532000"}, {"fiscalDateEnding": "2018-09-30", "reportedCurrency": "USD", "grossProfit": "-5284000", "totalRevenue": "1169000", "costOfRevenue": "6453000", "costofGoodsAndServicesSold": "6453000", "operatingIncome": "-8425000", "sellingGeneralAndAdministrative": "2174000", "researchAndDevelopment": "967000", "operatingExpenses": "3141000", "investmentIncomeNet": "None", "netInterestIncome": "None", "interestIncome": "None", "interestExpense": "919000", "nonInterestIncome": "None", "otherNonOperatingIncome": "81000", "depreciation": "None", "depreciationAndAmortization": "836000", "incomeBeforeTax": "-9263000", "incomeTaxExpense": "81000", "interestAndDebtExpense": "None", "netIncomeFromContinuingOperations": "-9263000", "comprehensiveIncomeNetOfTax": "None", "ebit": "-8344000", "ebitda": "-7508000", "netIncome": "-9263000"}, {"fiscalDateEnding": "2018-06-30", "reportedCurrency": "USD", "grossProfit": "-4117000", "totalRevenue": "483000", "costOfRevenue": "4600000", "costofGoodsAndServicesSold": "4600000", "operatingIncome": "-9233000", "sellingGeneralAndAdministrative": "3913000", "researchAndDevelopment": "1203000", "operatingExpenses": "5116000", "investmentIncomeNet": "None", "netInterestIncome": "None", "interestIncome": "None", "interestExpense": "719000", "nonInterestIncome": "None", "otherNonOperatingIncome": "25000", "depreciation": "None", "depreciationAndAmortization": "836000", "incomeBeforeTax": "-9927000", "incomeTaxExpense": "25000", "interestAndDebtExpense": "None", "netIncomeFromContinuingOperations": "-9927000", "comprehensiveIncomeNetOfTax": "None", "ebit": "-9208000", "ebitda": "-8372000", "netIncome": "-9927000"}, {"fiscalDateEnding": "2018-03-31", "reportedCurrency": "USD", "grossProfit": "-3710000", "totalRevenue": "1726000", "costOfRevenue": "5436000", "costofGoodsAndServicesSold": "5436000", "operatingIncome": "-6960000", "sellingGeneralAndAdministrative": "1775000", "researchAndDevelopment": "1475000", "operatingExpenses": "3250000", "investmentIncomeNet": "None", "netInterestIncome": "None", "interestIncome": "None", "interestExpense": "587000", "nonInterestIncome": "None", "otherNonOperatingIncome": "17000", "depreciation": "None", "depreciationAndAmortization": "825000", "incomeBeforeTax": "-7530000", "incomeTaxExpense": "2000", "interestAndDebtExpense": "None", "netIncomeFromContinuingOperations": "-7532000", "comprehensiveIncomeNetOfTax": "None", "ebit": "-6943000", "ebitda": "-6118000", "netIncome": "-7532000"}, {"fiscalDateEnding": "2017-12-31", "reportedCurrency": "USD", "grossProfit": "-2974000", "totalRevenue": "896000", "costOfRevenue": "3870000", "costofGoodsAndServicesSold": "3870000", "operatingIncome": "-6533000", "sellingGeneralAndAdministrative": "1994000", "researchAndDevelopment": "1565000", "operatingExpenses": "3559000", "investmentIncomeNet": "None", "netInterestIncome": "None", "interestIncome": "None", "interestExpense": "511000", "nonInterestIncome": "None", "otherNonOperatingIncome": "None", "depreciation": "None", "depreciationAndAmortization": "804000", "incomeBeforeTax": "-7031000", "incomeTaxExpense": "-791000", "interestAndDebtExpense": "None", "netIncomeFromContinuingOperations": "-30703000", "comprehensiveIncomeNetOfTax": "None", "ebit": "-6510000", "ebitda": "-5706000", "netIncome": "-7031000"}, {"fiscalDateEnding": "2017-09-30", "reportedCurrency": "USD", "grossProfit": "-2551000", "totalRevenue": "589000", "costOfRevenue": "3140000", "costofGoodsAndServicesSold": "3140000", "operatingIncome": "-5843000", "sellingGeneralAndAdministrative": "1925000", "researchAndDevelopment": "1367000", "operatingExpenses": "3292000", "investmentIncomeNet": "None", "netInterestIncome": "None", "interestIncome": "None", "interestExpense": "454000", "nonInterestIncome": "None", "otherNonOperatingIncome": "7000", "depreciation": "None", "depreciationAndAmortization": "805000", "incomeBeforeTax": "-6290000", "incomeTaxExpense": "7000", "interestAndDebtExpense": "None", "netIncomeFromContinuingOperations": "-6290000", "comprehensiveIncomeNetOfTax": "None", "ebit": "-5836000", "ebitda": "-5031000", "netIncome": "-6290000"}, {"fiscalDateEnding": "2017-06-30", "reportedCurrency": "USD", "grossProfit": "-1928000", "totalRevenue": "603000", "costOfRevenue": "2531000", "costofGoodsAndServicesSold": "2531000", "operatingIncome": "-7967000", "sellingGeneralAndAdministrative": "1444000", "researchAndDevelopment": "2184000", "operatingExpenses": "3628000", "investmentIncomeNet": "None", "netInterestIncome": "None", "interestIncome": "None", "interestExpense": "408000", "nonInterestIncome": "None", "otherNonOperatingIncome": "10000", "depreciation": "None", "depreciationAndAmortization": "761000", "incomeBeforeTax": "-8365000", "incomeTaxExpense": "408000", "interestAndDebtExpense": "None", "netIncomeFromContinuingOperations": "-8365000", "comprehensiveIncomeNetOfTax": "None", "ebit": "-7986000", "ebitda": "-7225000", "netIncome": "-8365000"}, {"fiscalDateEnding": "2017-03-31", "reportedCurrency": "USD", "grossProfit": "0", "totalRevenue": "0", "costOfRevenue": "3814000", "costofGoodsAndServicesSold": "3814000", "operatingIncome": "-4515000", "sellingGeneralAndAdministrative": "1528000", "researchAndDevelopment": "2987000", "operatingExpenses": "4515000", "investmentIncomeNet": "None", "netInterestIncome": "None", "interestIncome": "None", "interestExpense": "388000", "nonInterestIncome": "None", "otherNonOperatingIncome": "11000", "depreciation": "None", "depreciationAndAmortization": "701000", "incomeBeforeTax": "-4892000", "incomeTaxExpense": "2000", "interestAndDebtExpense": "None", "netIncomeFromContinuingOperations": "-4894000", "comprehensiveIncomeNetOfTax": "None", "ebit": "-4504000", "ebitda": "-3803000", "netIncome": "-4894000"}, {"fiscalDateEnding": "2016-12-31", "reportedCurrency": "USD", "grossProfit": "0", "totalRevenue": "0", "costOfRevenue": "0", "costofGoodsAndServicesSold": "0", "operatingIncome": "-4633000", "sellingGeneralAndAdministrative": "2365000", "researchAndDevelopment": "2268000", "operatingExpenses": "4633000", "investmentIncomeNet": "None", "netInterestIncome": "None", "interestIncome": "None", "interestExpense": "321000", "nonInterestIncome": "None", "otherNonOperatingIncome": "None", "depreciation": "None", "depreciationAndAmortization": "319000", "incomeBeforeTax": "-4935000", "incomeTaxExpense": "200", "interestAndDebtExpense": "None", "netIncomeFromContinuingOperations": "-18833000", "comprehensiveIncomeNetOfTax": "None", "ebit": "-4613000", "ebitda": "-4294000", "netIncome": "-4935000"}, {"fiscalDateEnding": "2016-09-30", "reportedCurrency": "USD", "grossProfit": "0", "totalRevenue": "0", "costOfRevenue": "0", "costofGoodsAndServicesSold": "0", "operatingIncome": "-3321000", "sellingGeneralAndAdministrative": "1434000", "researchAndDevelopment": "1887000", "operatingExpenses": "3321000", "investmentIncomeNet": "None", "netInterestIncome": "None", "interestIncome": "None", "interestExpense": "203000", "nonInterestIncome": "None", "otherNonOperatingIncome": "7000", "depreciation": "None", "depreciationAndAmortization": "239000", "incomeBeforeTax": "-3517000", "incomeTaxExpense": "7000", "interestAndDebtExpense": "None", "netIncomeFromContinuingOperations": "-3517000", "comprehensiveIncomeNetOfTax": "None", "ebit": "-3314000", "ebitda": "-3075000", "netIncome": "-3517000"}, {"fiscalDateEnding": "2016-06-30", "reportedCurrency": "USD", "grossProfit": "0", "totalRevenue": "0", "costOfRevenue": "0", "costofGoodsAndServicesSold": "0", "operatingIncome": "-2825000", "sellingGeneralAndAdministrative": "1516000", "researchAndDevelopment": "1309000", "operatingExpenses": "2825000", "investmentIncomeNet": "None", "netInterestIncome": "None", "interestIncome": "None", "interestExpense": "112000", "nonInterestIncome": "None", "otherNonOperatingIncome": "6000", "depreciation": "None", "depreciationAndAmortization": "148388", "incomeBeforeTax": "-2931000", "incomeTaxExpense": "6000", "interestAndDebtExpense": "None", "netIncomeFromContinuingOperations": "-2931000", "comprehensiveIncomeNetOfTax": "None", "ebit": "-2819388", "ebitda": "-2671000", "netIncome": "-2931000"}, {"fiscalDateEnding": "2016-03-31", "reportedCurrency": "USD", "grossProfit": "0", "totalRevenue": "0", "costOfRevenue": "0", "costofGoodsAndServicesSold": "0", "operatingIncome": "-2178751", "sellingGeneralAndAdministrative": "1295384", "researchAndDevelopment": "883367", "operatingExpenses": "2178751", "investmentIncomeNet": "None", "netInterestIncome": "None", "interestIncome": "None", "interestExpense": "2192", "nonInterestIncome": "None", "otherNonOperatingIncome": "7409", "depreciation": "None", "depreciationAndAmortization": "108612", "incomeBeforeTax": "-2173534", "incomeTaxExpense": "800", "interestAndDebtExpense": "None", "netIncomeFromContinuingOperations": "-2174334", "comprehensiveIncomeNetOfTax": "None", "ebit": "-2177612", "ebitda": "-2069000", "netIncome": "-2174334"}, {"fiscalDateEnding": "2015-12-31", "reportedCurrency": "USD", "grossProfit": "0", "totalRevenue": "0", "costOfRevenue": "0", "costofGoodsAndServicesSold": "0", "operatingIncome": "-2381114", "sellingGeneralAndAdministrative": "1281815", "researchAndDevelopment": "1099298", "operatingExpenses": "2381113", "investmentIncomeNet": "None", "netInterestIncome": "None", "interestIncome": "None", "interestExpense": "2154", "nonInterestIncome": "None", "otherNonOperatingIncome": "None", "depreciation": "None", "depreciationAndAmortization": "64376", "incomeBeforeTax": "-2367882", "incomeTaxExpense": "-800", "interestAndDebtExpense": "None", "netIncomeFromContinuingOperations": "-12332000", "comprehensiveIncomeNetOfTax": "None", "ebit": "-2365728", "ebitda": "-2301352", "netIncome": "-2367082"}, {"fiscalDateEnding": "2015-09-30", "reportedCurrency": "USD", "grossProfit": "0", "totalRevenue": "0", "costOfRevenue": "0", "costofGoodsAndServicesSold": "0", "operatingIncome": "-1323028", "sellingGeneralAndAdministrative": "776916", "researchAndDevelopment": "546112", "operatingExpenses": "1323028", "investmentIncomeNet": "None", "netInterestIncome": "None", "interestIncome": "None", "interestExpense": "492051", "nonInterestIncome": "None", "otherNonOperatingIncome": "-269118", "depreciation": "None", "depreciationAndAmortization": "58191", "incomeBeforeTax": "-2084196", "incomeTaxExpense": "492195", "interestAndDebtExpense": "None", "netIncomeFromContinuingOperations": "-2084196", "comprehensiveIncomeNetOfTax": "None", "ebit": "-1315208", "ebitda": "-1257017", "netIncome": "-2084196"}, {"fiscalDateEnding": "2015-06-30", "reportedCurrency": "USD", "grossProfit": "0", "totalRevenue": "0", "costOfRevenue": "0", "costofGoodsAndServicesSold": "0", "operatingIncome": "-1061907", "sellingGeneralAndAdministrative": "640305", "researchAndDevelopment": "421602", "operatingExpenses": "1061907", "investmentIncomeNet": "None", "netInterestIncome": "None", "interestIncome": "None", "interestExpense": "317505", "nonInterestIncome": "None", "otherNonOperatingIncome": "1602165", "depreciation": "None", "depreciationAndAmortization": "45675", "incomeBeforeTax": "-2981577", "incomeTaxExpense": "317568", "interestAndDebtExpense": "None", "netIncomeFromContinuingOperations": "-2981577", "comprehensiveIncomeNetOfTax": "None", "ebit": "-1060833", "ebitda": "-1015158", "netIncome": "-2981577"}, {"fiscalDateEnding": "2015-03-31", "reportedCurrency": "USD", "grossProfit": "0", "totalRevenue": "0", "costOfRevenue": "0", "costofGoodsAndServicesSold": "0", "operatingIncome": "-685214", "sellingGeneralAndAdministrative": "471623", "researchAndDevelopment": "213591", "operatingExpenses": "685214", "investmentIncomeNet": "None", "netInterestIncome": "None", "interestIncome": "None", "interestExpense": "316534", "nonInterestIncome": "None", "otherNonOperatingIncome": "None", "depreciation": "None", "depreciationAndAmortization": "30663", "incomeBeforeTax": "-4896251", "incomeTaxExpense": "2400", "interestAndDebtExpense": "None", "netIncomeFromContinuingOperations": "0", "comprehensiveIncomeNetOfTax": "None", "ebit": "-683638", "ebitda": "-652975", "netIncome": "-4898651"}, {"fiscalDateEnding": "2014-12-31", "reportedCurrency": "USD", "grossProfit": "0", "totalRevenue": "0", "costOfRevenue": "0", "costofGoodsAndServicesSold": "0", "operatingIncome": "-1177092", "sellingGeneralAndAdministrative": "983475", "researchAndDevelopment": "193617", "operatingExpenses": "1177092", "investmentIncomeNet": "None", "netInterestIncome": "None", "interestIncome": "None", "interestExpense": "213977", "nonInterestIncome": "None", "otherNonOperatingIncome": "None", "depreciation": "None", "depreciationAndAmortization": "-1171236", "incomeBeforeTax": "-2562305", "incomeTaxExpense": "-421042", "interestAndDebtExpense": "None", "netIncomeFromContinuingOperations": "-4747502", "comprehensiveIncomeNetOfTax": "None", "ebit": "-1177092", "ebitda": "-2348328", "netIncome": "-2141263"}, {"fiscalDateEnding": "2014-09-30", "reportedCurrency": "USD", "grossProfit": "0", "totalRevenue": "0", "costOfRevenue": "0", "costofGoodsAndServicesSold": "0", "operatingIncome": "-229564", "sellingGeneralAndAdministrative": "192138", "researchAndDevelopment": "37426", "operatingExpenses": "229564", "investmentIncomeNet": "None", "netInterestIncome": "None", "interestIncome": "None", "interestExpense": "2942", "nonInterestIncome": "None", "otherNonOperatingIncome": "None", "depreciation": "None", "depreciationAndAmortization": "18", "incomeBeforeTax": "-232488", "incomeTaxExpense": "2943", "interestAndDebtExpense": "None", "netIncomeFromContinuingOperations": "0", "comprehensiveIncomeNetOfTax": "None", "ebit": "-229564", "ebitda": "-229546", "netIncome": "-232488"}]}