{"symbol": "ALLO", "annualReports": [{"fiscalDateEnding": "2024-12-31", "reportedCurrency": "USD", "grossProfit": "22000", "totalRevenue": "22000", "costOfRevenue": "13639000", "costofGoodsAndServicesSold": "13639000", "operatingIncome": "-273199000", "sellingGeneralAndAdministrative": "65205000", "researchAndDevelopment": "192299000", "operatingExpenses": "273221000", "investmentIncomeNet": "None", "netInterestIncome": "19972000", "interestIncome": "20153000", "interestExpense": "181000", "nonInterestIncome": "None", "otherNonOperatingIncome": "None", "depreciation": "None", "depreciationAndAmortization": "13639000", "incomeBeforeTax": "-257147000", "incomeTaxExpense": "443000", "interestAndDebtExpense": "None", "netIncomeFromContinuingOperations": "-257590000", "comprehensiveIncomeNetOfTax": "None", "ebit": "-256966000", "ebitda": "-243327000", "netIncome": "-257590000"}, {"fiscalDateEnding": "2023-12-31", "reportedCurrency": "USD", "grossProfit": "95000", "totalRevenue": "95000", "costOfRevenue": "14199000", "costofGoodsAndServicesSold": "14199000", "operatingIncome": "-327737000", "sellingGeneralAndAdministrative": "71673000", "researchAndDevelopment": "242914000", "operatingExpenses": "327832000", "investmentIncomeNet": "None", "netInterestIncome": "14799000", "interestIncome": "14799000", "interestExpense": "17112000", "nonInterestIncome": "None", "otherNonOperatingIncome": "None", "depreciation": "None", "depreciationAndAmortization": "14199000", "incomeBeforeTax": "-327265000", "incomeTaxExpense": "-2817000", "interestAndDebtExpense": "None", "netIncomeFromContinuingOperations": "-332855000", "comprehensiveIncomeNetOfTax": "None", "ebit": "-327265000", "ebitda": "-313066000", "netIncome": "-327265000"}, {"fiscalDateEnding": "2022-12-31", "reportedCurrency": "USD", "grossProfit": "243000", "totalRevenue": "243000", "costOfRevenue": "16728000", "costofGoodsAndServicesSold": "16728000", "operatingIncome": "-335449000", "sellingGeneralAndAdministrative": "79305000", "researchAndDevelopment": "256387000", "operatingExpenses": "335692000", "investmentIncomeNet": "None", "netInterestIncome": "4566000", "interestIncome": "4566000", "interestExpense": "17112000", "nonInterestIncome": "None", "otherNonOperatingIncome": "None", "depreciation": "None", "depreciationAndAmortization": "14295000", "incomeBeforeTax": "-332632000", "incomeTaxExpense": "-2817000", "interestAndDebtExpense": "None", "netIncomeFromContinuingOperations": "-332632000", "comprehensiveIncomeNetOfTax": "None", "ebit": "-335449000", "ebitda": "-321154000", "netIncome": "-329815000"}, {"fiscalDateEnding": "2021-12-31", "reportedCurrency": "USD", "grossProfit": "38489000", "totalRevenue": "38489000", "costOfRevenue": "13065000", "costofGoodsAndServicesSold": "13065000", "operatingIncome": "-255792000", "sellingGeneralAndAdministrative": "74105000", "researchAndDevelopment": "220176000", "operatingExpenses": "294281000", "investmentIncomeNet": "None", "netInterestIncome": "1714000", "interestIncome": "1714000", "interestExpense": "10454000", "nonInterestIncome": "None", "otherNonOperatingIncome": "-1213000", "depreciation": "None", "depreciationAndAmortization": "10454000", "incomeBeforeTax": "-257005000", "incomeTaxExpense": "-12168000", "interestAndDebtExpense": "None", "netIncomeFromContinuingOperations": "-257005000", "comprehensiveIncomeNetOfTax": "None", "ebit": "-255792000", "ebitda": "-245338000", "netIncome": "-244837000"}, {"fiscalDateEnding": "2020-12-31", "reportedCurrency": "USD", "grossProfit": "-11541000", "totalRevenue": "38345000", "costOfRevenue": "11541000", "costofGoodsAndServicesSold": "11541000", "operatingIncome": "-258243000", "sellingGeneralAndAdministrative": "65256000", "researchAndDevelopment": "192987000", "operatingExpenses": "258243000", "investmentIncomeNet": "None", "netInterestIncome": "9164000", "interestIncome": "9164000", "interestExpense": "9164000", "nonInterestIncome": "None", "otherNonOperatingIncome": "8022000", "depreciation": "None", "depreciationAndAmortization": "7586000", "incomeBeforeTax": "-250221000", "incomeTaxExpense": "-16750000", "interestAndDebtExpense": "None", "netIncomeFromContinuingOperations": "-250221000", "comprehensiveIncomeNetOfTax": "None", "ebit": "-258243000", "ebitda": "-250657000", "netIncome": "-233471000"}, {"fiscalDateEnding": "2019-12-31", "reportedCurrency": "USD", "grossProfit": "-5027000", "totalRevenue": "0", "costOfRevenue": "5027000", "costofGoodsAndServicesSold": "5027000", "operatingIncome": "-202008000", "sellingGeneralAndAdministrative": "57473000", "researchAndDevelopment": "144535000", "operatingExpenses": "202008000", "investmentIncomeNet": "None", "netInterestIncome": "17351000", "interestIncome": "17351000", "interestExpense": "5027000", "nonInterestIncome": "None", "otherNonOperatingIncome": "17083000", "depreciation": "None", "depreciationAndAmortization": "5027000", "incomeBeforeTax": "-184925000", "incomeTaxExpense": "-331000", "interestAndDebtExpense": "None", "netIncomeFromContinuingOperations": "-184594000", "comprehensiveIncomeNetOfTax": "None", "ebit": "-184925000", "ebitda": "-179898000", "netIncome": "-184594000"}, {"fiscalDateEnding": "2018-12-31", "reportedCurrency": "USD", "grossProfit": "-1500000", "totalRevenue": "0", "costOfRevenue": "1500000", "costofGoodsAndServicesSold": "1500000", "operatingIncome": "-192842000", "sellingGeneralAndAdministrative": "40982000", "researchAndDevelopment": "151860000", "operatingExpenses": "192842000", "investmentIncomeNet": "None", "netInterestIncome": "2431000", "interestIncome": "5789000", "interestExpense": "3358000", "nonInterestIncome": "None", "otherNonOperatingIncome": "-15422000", "depreciation": "None", "depreciationAndAmortization": "1500000", "incomeBeforeTax": "-211622000", "incomeTaxExpense": "-117000", "interestAndDebtExpense": "None", "netIncomeFromContinuingOperations": "-211505000", "comprehensiveIncomeNetOfTax": "None", "ebit": "-208264000", "ebitda": "-206764000", "netIncome": "-211505000"}, {"fiscalDateEnding": "2017-12-31", "reportedCurrency": "USD", "grossProfit": "0", "totalRevenue": "0", "costOfRevenue": "0", "costofGoodsAndServicesSold": "0", "operatingIncome": "-2000", "sellingGeneralAndAdministrative": "24000", "researchAndDevelopment": "151860000", "operatingExpenses": "2000", "investmentIncomeNet": "None", "netInterestIncome": "None", "interestIncome": "None", "interestExpense": "0", "nonInterestIncome": "None", "otherNonOperatingIncome": "None", "depreciation": "None", "depreciationAndAmortization": "24000", "incomeBeforeTax": "-24000", "incomeTaxExpense": "-24000", "interestAndDebtExpense": "None", "netIncomeFromContinuingOperations": "-24000", "comprehensiveIncomeNetOfTax": "None", "ebit": "-2000", "ebitda": "22000", "netIncome": "-2000"}], "quarterlyReports": [{"fiscalDateEnding": "2025-09-30", "reportedCurrency": "USD", "grossProfit": "-31164000", "totalRevenue": "0", "costOfRevenue": "31164000", "costofGoodsAndServicesSold": "31164000", "operatingIncome": "-44901000", "sellingGeneralAndAdministrative": "13737000", "researchAndDevelopment": "31164000", "operatingExpenses": "13737000", "investmentIncomeNet": "None", "netInterestIncome": "3582000", "interestIncome": "3926000", "interestExpense": "344000", "nonInterestIncome": "None", "otherNonOperatingIncome": "None", "depreciation": "None", "depreciationAndAmortization": "3097000", "incomeBeforeTax": "-41400000", "incomeTaxExpense": "None", "interestAndDebtExpense": "None", "netIncomeFromContinuingOperations": "-41400000", "comprehensiveIncomeNetOfTax": "None", "ebit": "-41056000", "ebitda": "-37959000", "netIncome": "-41400000"}, {"fiscalDateEnding": "2025-06-30", "reportedCurrency": "USD", "grossProfit": "-3106000", "totalRevenue": "0", "costOfRevenue": "3106000", "costofGoodsAndServicesSold": "3106000", "operatingIncome": "-56819000", "sellingGeneralAndAdministrative": "14281000", "researchAndDevelopment": "40156000", "operatingExpenses": "56819000", "investmentIncomeNet": "None", "netInterestIncome": "5919000", "interestIncome": "6187000", "interestExpense": "268000", "nonInterestIncome": "None", "otherNonOperatingIncome": "None", "depreciation": "None", "depreciationAndAmortization": "3106000", "incomeBeforeTax": "-50943000", "incomeTaxExpense": "None", "interestAndDebtExpense": "None", "netIncomeFromContinuingOperations": "-50943000", "comprehensiveIncomeNetOfTax": "None", "ebit": "-50675000", "ebitda": "-47569000", "netIncome": "-50943000"}, {"fiscalDateEnding": "2025-03-31", "reportedCurrency": "USD", "grossProfit": "-3099000", "totalRevenue": "0", "costOfRevenue": "3099000", "costofGoodsAndServicesSold": "3099000", "operatingIncome": "-65191000", "sellingGeneralAndAdministrative": "14991000", "researchAndDevelopment": "50200000", "operatingExpenses": "62092000", "investmentIncomeNet": "None", "netInterestIncome": "5366000", "interestIncome": "5516000", "interestExpense": "150000", "nonInterestIncome": "None", "otherNonOperatingIncome": "None", "depreciation": "None", "depreciationAndAmortization": "3099000", "incomeBeforeTax": "-59733000", "incomeTaxExpense": "None", "interestAndDebtExpense": "None", "netIncomeFromContinuingOperations": "-59733000", "comprehensiveIncomeNetOfTax": "None", "ebit": "-59583000", "ebitda": "-56484000", "netIncome": "-59733000"}, {"fiscalDateEnding": "2024-12-31", "reportedCurrency": "USD", "grossProfit": "-3233000", "totalRevenue": "-22000", "costOfRevenue": "3233000", "costofGoodsAndServicesSold": "3233000", "operatingIncome": "-60490000", "sellingGeneralAndAdministrative": "15518000", "researchAndDevelopment": "44972000", "operatingExpenses": "57257000", "investmentIncomeNet": "None", "netInterestIncome": "2946000", "interestIncome": "3027000", "interestExpense": "81000", "nonInterestIncome": "None", "otherNonOperatingIncome": "None", "depreciation": "None", "depreciationAndAmortization": "3233000", "incomeBeforeTax": "-59496000", "incomeTaxExpense": "443000", "interestAndDebtExpense": "None", "netIncomeFromContinuingOperations": "-59939000", "comprehensiveIncomeNetOfTax": "None", "ebit": "-59415000", "ebitda": "-56182000", "netIncome": "-59939000"}, {"fiscalDateEnding": "2024-09-30", "reportedCurrency": "USD", "grossProfit": "-3207000", "totalRevenue": "0", "costOfRevenue": "3207000", "costofGoodsAndServicesSold": "3207000", "operatingIncome": "-71774000", "sellingGeneralAndAdministrative": "16333000", "researchAndDevelopment": "44713000", "operatingExpenses": "71774000", "investmentIncomeNet": "None", "netInterestIncome": "6605000", "interestIncome": "6705000", "interestExpense": "100000", "nonInterestIncome": "None", "otherNonOperatingIncome": "None", "depreciation": "None", "depreciationAndAmortization": "3207000", "incomeBeforeTax": "-66293000", "incomeTaxExpense": "None", "interestAndDebtExpense": "None", "netIncomeFromContinuingOperations": "-66293000", "comprehensiveIncomeNetOfTax": "None", "ebit": "-66193000", "ebitda": "-62986000", "netIncome": "-66293000"}, {"fiscalDateEnding": "2024-06-30", "reportedCurrency": "USD", "grossProfit": "-3644000", "totalRevenue": "0", "costOfRevenue": "3644000", "costofGoodsAndServicesSold": "3644000", "operatingIncome": "-71431000", "sellingGeneralAndAdministrative": "16087000", "researchAndDevelopment": "50355000", "operatingExpenses": "71431000", "investmentIncomeNet": "None", "netInterestIncome": "4988000", "interestIncome": "4988000", "interestExpense": "0", "nonInterestIncome": "None", "otherNonOperatingIncome": "None", "depreciation": "None", "depreciationAndAmortization": "3644000", "incomeBeforeTax": "-66358000", "incomeTaxExpense": "-1", "interestAndDebtExpense": "None", "netIncomeFromContinuingOperations": "-66358000", "comprehensiveIncomeNetOfTax": "None", "ebit": "-66358000", "ebitda": "-62714000", "netIncome": "-66358000"}, {"fiscalDateEnding": "2024-03-31", "reportedCurrency": "USD", "grossProfit": "-3533000", "totalRevenue": "22000", "costOfRevenue": "3555000", "costofGoodsAndServicesSold": "3555000", "operatingIncome": "-69504000", "sellingGeneralAndAdministrative": "17267000", "researchAndDevelopment": "52259000", "operatingExpenses": "65971000", "investmentIncomeNet": "None", "netInterestIncome": "5433000", "interestIncome": "5433000", "interestExpense": "0", "nonInterestIncome": "None", "otherNonOperatingIncome": "None", "depreciation": "None", "depreciationAndAmortization": "3555000", "incomeBeforeTax": "-65000000", "incomeTaxExpense": "3511724", "interestAndDebtExpense": "None", "netIncomeFromContinuingOperations": "-65000000", "comprehensiveIncomeNetOfTax": "None", "ebit": "-65000000", "ebitda": "-61445000", "netIncome": "-65000000"}, {"fiscalDateEnding": "2023-12-31", "reportedCurrency": "USD", "grossProfit": "-44000", "totalRevenue": "-44000", "costOfRevenue": "3477000", "costofGoodsAndServicesSold": "3477000", "operatingIncome": "-85174000", "sellingGeneralAndAdministrative": "17224000", "researchAndDevelopment": "54661000", "operatingExpenses": "85130000", "investmentIncomeNet": "None", "netInterestIncome": "6265000", "interestIncome": "6265000", "interestExpense": "366000", "nonInterestIncome": "None", "otherNonOperatingIncome": "None", "depreciation": "None", "depreciationAndAmortization": "3477000", "incomeBeforeTax": "-89257000", "incomeTaxExpense": "-65000", "interestAndDebtExpense": "None", "netIncomeFromContinuingOperations": "-89257000", "comprehensiveIncomeNetOfTax": "None", "ebit": "-71929000", "ebitda": "-68452000", "netIncome": "-89257000"}, {"fiscalDateEnding": "2023-09-30", "reportedCurrency": "USD", "grossProfit": "-3550000", "totalRevenue": "22000", "costOfRevenue": "3572000", "costofGoodsAndServicesSold": "3572000", "operatingIncome": "-62996000", "sellingGeneralAndAdministrative": "17041000", "researchAndDevelopment": "45977000", "operatingExpenses": "59446000", "investmentIncomeNet": "None", "netInterestIncome": "6205000", "interestIncome": "6205000", "interestExpense": "0", "nonInterestIncome": "None", "otherNonOperatingIncome": "None", "depreciation": "None", "depreciationAndAmortization": "3572000", "incomeBeforeTax": "-62287000", "incomeTaxExpense": "-6205000", "interestAndDebtExpense": "None", "netIncomeFromContinuingOperations": "-61315000", "comprehensiveIncomeNetOfTax": "None", "ebit": "-62287000", "ebitda": "-58715000", "netIncome": "-62287000"}, {"fiscalDateEnding": "2023-06-30", "reportedCurrency": "USD", "grossProfit": "22000", "totalRevenue": "22000", "costOfRevenue": "3793000", "costofGoodsAndServicesSold": "3793000", "operatingIncome": "-80540000", "sellingGeneralAndAdministrative": "18524000", "researchAndDevelopment": "62038000", "operatingExpenses": "80562000", "investmentIncomeNet": "None", "netInterestIncome": "3778000", "interestIncome": "3778000", "interestExpense": "None", "nonInterestIncome": "None", "otherNonOperatingIncome": "2529000", "depreciation": "None", "depreciationAndAmortization": "3643000", "incomeBeforeTax": "-79232000", "incomeTaxExpense": "-3778000", "interestAndDebtExpense": "None", "netIncomeFromContinuingOperations": "-77989000", "comprehensiveIncomeNetOfTax": "None", "ebit": "-80540000", "ebitda": "-76897000", "netIncome": "-79232000"}, {"fiscalDateEnding": "2023-03-31", "reportedCurrency": "USD", "grossProfit": "30000", "totalRevenue": "30000", "costOfRevenue": "3714000", "costofGoodsAndServicesSold": "3714000", "operatingIncome": "-99092000", "sellingGeneralAndAdministrative": "18884000", "researchAndDevelopment": "80238000", "operatingExpenses": "99122000", "investmentIncomeNet": "None", "netInterestIncome": "2059000", "interestIncome": "2059000", "interestExpense": "366000", "nonInterestIncome": "None", "otherNonOperatingIncome": "366000", "depreciation": "None", "depreciationAndAmortization": "3507000", "incomeBeforeTax": "-99968000", "incomeTaxExpense": "-366000", "interestAndDebtExpense": "None", "netIncomeFromContinuingOperations": "-98704000", "comprehensiveIncomeNetOfTax": "None", "ebit": "-99092000", "ebitda": "-95585000", "netIncome": "-99968000"}, {"fiscalDateEnding": "2022-12-31", "reportedCurrency": "USD", "grossProfit": "47000", "totalRevenue": "47000", "costOfRevenue": "3308000", "costofGoodsAndServicesSold": "3308000", "operatingIncome": "-96374000", "sellingGeneralAndAdministrative": "21002000", "researchAndDevelopment": "75419000", "operatingExpenses": "96421000", "investmentIncomeNet": "None", "netInterestIncome": "2757000", "interestIncome": "2757000", "interestExpense": "1317000", "nonInterestIncome": "None", "otherNonOperatingIncome": "None", "depreciation": "None", "depreciationAndAmortization": "3068000", "incomeBeforeTax": "-94847000", "incomeTaxExpense": "-1527000", "interestAndDebtExpense": "None", "netIncomeFromContinuingOperations": "-94847000", "comprehensiveIncomeNetOfTax": "None", "ebit": "-96374000", "ebitda": "-93306000", "netIncome": "-94847000"}, {"fiscalDateEnding": "2022-09-30", "reportedCurrency": "USD", "grossProfit": "49000", "totalRevenue": "49000", "costOfRevenue": "63641000", "costofGoodsAndServicesSold": "63641000", "operatingIncome": "-82489000", "sellingGeneralAndAdministrative": "18897000", "researchAndDevelopment": "63641000", "operatingExpenses": "82538000", "investmentIncomeNet": "None", "netInterestIncome": "1002000", "interestIncome": "1002000", "interestExpense": "1002000", "nonInterestIncome": "None", "otherNonOperatingIncome": "-659000", "depreciation": "None", "depreciationAndAmortization": "3860000", "incomeBeforeTax": "-83148000", "incomeTaxExpense": "-1002000", "interestAndDebtExpense": "None", "netIncomeFromContinuingOperations": "-83148000", "comprehensiveIncomeNetOfTax": "None", "ebit": "-82489000", "ebitda": "-78629000", "netIncome": "-83148000"}, {"fiscalDateEnding": "2022-06-30", "reportedCurrency": "USD", "grossProfit": "86000", "totalRevenue": "86000", "costOfRevenue": "4849000", "costofGoodsAndServicesSold": "4849000", "operatingIncome": "-76594000", "sellingGeneralAndAdministrative": "19509000", "researchAndDevelopment": "57171000", "operatingExpenses": "76680000", "investmentIncomeNet": "None", "netInterestIncome": "315000", "interestIncome": "315000", "interestExpense": "315000", "nonInterestIncome": "None", "otherNonOperatingIncome": "1807000", "depreciation": "None", "depreciationAndAmortization": "3675000", "incomeBeforeTax": "-74787000", "incomeTaxExpense": "-315000", "interestAndDebtExpense": "None", "netIncomeFromContinuingOperations": "-74787000", "comprehensiveIncomeNetOfTax": "None", "ebit": "-76594000", "ebitda": "-72919000", "netIncome": "-74787000"}, {"fiscalDateEnding": "2022-03-31", "reportedCurrency": "USD", "grossProfit": "61000", "totalRevenue": "61000", "costOfRevenue": "60156000", "costofGoodsAndServicesSold": "60156000", "operatingIncome": "-79992000", "sellingGeneralAndAdministrative": "19897000", "researchAndDevelopment": "60156000", "operatingExpenses": "80053000", "investmentIncomeNet": "None", "netInterestIncome": "492000", "interestIncome": "492000", "interestExpense": "142000", "nonInterestIncome": "None", "otherNonOperatingIncome": "142000", "depreciation": "None", "depreciationAndAmortization": "3692000", "incomeBeforeTax": "-79850000", "incomeTaxExpense": "-142000", "interestAndDebtExpense": "None", "netIncomeFromContinuingOperations": "-79850000", "comprehensiveIncomeNetOfTax": "None", "ebit": "-79992000", "ebitda": "-76300000", "netIncome": "-79850000"}, {"fiscalDateEnding": "2021-12-31", "reportedCurrency": "USD", "grossProfit": "51000", "totalRevenue": "51000", "costOfRevenue": "4242000", "costofGoodsAndServicesSold": "4242000", "operatingIncome": "-73893000", "sellingGeneralAndAdministrative": "19961000", "researchAndDevelopment": "53983000", "operatingExpenses": "73944000", "investmentIncomeNet": "None", "netInterestIncome": "186000", "interestIncome": "186000", "interestExpense": "186000", "nonInterestIncome": "None", "otherNonOperatingIncome": "-976000", "depreciation": "None", "depreciationAndAmortization": "4242000", "incomeBeforeTax": "-74868000", "incomeTaxExpense": "-4428000", "interestAndDebtExpense": "None", "netIncomeFromContinuingOperations": "-74868000", "comprehensiveIncomeNetOfTax": "None", "ebit": "-73893000", "ebitda": "-69651000", "netIncome": "-74868000"}, {"fiscalDateEnding": "2021-09-30", "reportedCurrency": "USD", "grossProfit": "49000", "totalRevenue": "49000", "costOfRevenue": "58720000", "costofGoodsAndServicesSold": "58720000", "operatingIncome": "-77670000", "sellingGeneralAndAdministrative": "18999000", "researchAndDevelopment": "58720000", "operatingExpenses": "77719000", "investmentIncomeNet": "None", "netInterestIncome": "393000", "interestIncome": "393000", "interestExpense": "393000", "nonInterestIncome": "None", "otherNonOperatingIncome": "-516000", "depreciation": "None", "depreciationAndAmortization": "2330000", "incomeBeforeTax": "-78186000", "incomeTaxExpense": "-393000", "interestAndDebtExpense": "None", "netIncomeFromContinuingOperations": "-78186000", "comprehensiveIncomeNetOfTax": "None", "ebit": "-77670000", "ebitda": "-75340000", "netIncome": "-78186000"}, {"fiscalDateEnding": "2021-06-30", "reportedCurrency": "USD", "grossProfit": "44000", "totalRevenue": "44000", "costOfRevenue": "2351000", "costofGoodsAndServicesSold": "2351000", "operatingIncome": "-71029000", "sellingGeneralAndAdministrative": "18783000", "researchAndDevelopment": "52290000", "operatingExpenses": "71073000", "investmentIncomeNet": "None", "netInterestIncome": "624000", "interestIncome": "624000", "interestExpense": "624000", "nonInterestIncome": "None", "otherNonOperatingIncome": "93000", "depreciation": "None", "depreciationAndAmortization": "1964000", "incomeBeforeTax": "-70936000", "incomeTaxExpense": "-624000", "interestAndDebtExpense": "None", "netIncomeFromContinuingOperations": "-70936000", "comprehensiveIncomeNetOfTax": "None", "ebit": "-71029000", "ebitda": "-69065000", "netIncome": "-70936000"}, {"fiscalDateEnding": "2021-03-31", "reportedCurrency": "USD", "grossProfit": "38345000", "totalRevenue": "38345000", "costOfRevenue": "3925000", "costofGoodsAndServicesSold": "3925000", "operatingIncome": "-33201000", "sellingGeneralAndAdministrative": "16363000", "researchAndDevelopment": "55183000", "operatingExpenses": "71546000", "investmentIncomeNet": "None", "netInterestIncome": "511000", "interestIncome": "511000", "interestExpense": "511000", "nonInterestIncome": "None", "otherNonOperatingIncome": "186000", "depreciation": "None", "depreciationAndAmortization": "1918000", "incomeBeforeTax": "-33015000", "incomeTaxExpense": "-511000", "interestAndDebtExpense": "None", "netIncomeFromContinuingOperations": "-33015000", "comprehensiveIncomeNetOfTax": "None", "ebit": "-33201000", "ebitda": "-31283000", "netIncome": "-33015000"}, {"fiscalDateEnding": "2020-12-31", "reportedCurrency": "USD", "grossProfit": "-52228000", "totalRevenue": "0", "costOfRevenue": "52228000", "costofGoodsAndServicesSold": "52228000", "operatingIncome": "-69362000", "sellingGeneralAndAdministrative": "17134000", "researchAndDevelopment": "52228000", "operatingExpenses": "69362000", "investmentIncomeNet": "None", "netInterestIncome": "1558000", "interestIncome": "1558000", "interestExpense": "1558000", "nonInterestIncome": "None", "otherNonOperatingIncome": "792000", "depreciation": "None", "depreciationAndAmortization": "1844000", "incomeBeforeTax": "-68570000", "incomeTaxExpense": "-3402000", "interestAndDebtExpense": "None", "netIncomeFromContinuingOperations": "-68570000", "comprehensiveIncomeNetOfTax": "None", "ebit": "-61340000", "ebitda": "-59496000", "netIncome": "-68570000"}, {"fiscalDateEnding": "2020-09-30", "reportedCurrency": "USD", "grossProfit": "-51421000", "totalRevenue": "0", "costOfRevenue": "51421000", "costofGoodsAndServicesSold": "51421000", "operatingIncome": "-68040000", "sellingGeneralAndAdministrative": "16619000", "researchAndDevelopment": "51421000", "operatingExpenses": "68040000", "investmentIncomeNet": "None", "netInterestIncome": "2005000", "interestIncome": "2005000", "interestExpense": "2005000", "nonInterestIncome": "None", "otherNonOperatingIncome": "1843000", "depreciation": "None", "depreciationAndAmortization": "1810000", "incomeBeforeTax": "-66197000", "incomeTaxExpense": "-3815000", "interestAndDebtExpense": "None", "netIncomeFromContinuingOperations": "-66197000", "comprehensiveIncomeNetOfTax": "None", "ebit": "-68040000", "ebitda": "-66230000", "netIncome": "-66197000"}, {"fiscalDateEnding": "2020-06-30", "reportedCurrency": "USD", "grossProfit": "-47296000", "totalRevenue": "0", "costOfRevenue": "47296000", "costofGoodsAndServicesSold": "47296000", "operatingIncome": "-63158000", "sellingGeneralAndAdministrative": "15862000", "researchAndDevelopment": "47296000", "operatingExpenses": "63158000", "investmentIncomeNet": "None", "netInterestIncome": "2340000", "interestIncome": "2340000", "interestExpense": "2340000", "nonInterestIncome": "None", "otherNonOperatingIncome": "2184000", "depreciation": "None", "depreciationAndAmortization": "1888000", "incomeBeforeTax": "-60974000", "incomeTaxExpense": "-2340000", "interestAndDebtExpense": "None", "netIncomeFromContinuingOperations": "-60974000", "comprehensiveIncomeNetOfTax": "None", "ebit": "-63158000", "ebitda": "-61270000", "netIncome": "-60974000"}, {"fiscalDateEnding": "2020-03-31", "reportedCurrency": "USD", "grossProfit": "None", "totalRevenue": "0", "costOfRevenue": "None", "costofGoodsAndServicesSold": "None", "operatingIncome": "-57683000", "sellingGeneralAndAdministrative": "15641000", "researchAndDevelopment": "42042000", "operatingExpenses": "57683000", "investmentIncomeNet": "None", "netInterestIncome": "3261000", "interestIncome": "3261000", "interestExpense": "3261000", "nonInterestIncome": "None", "otherNonOperatingIncome": "3203000", "depreciation": "None", "depreciationAndAmortization": "2044000", "incomeBeforeTax": "-54480000", "incomeTaxExpense": "-3261000", "interestAndDebtExpense": "None", "netIncomeFromContinuingOperations": "-54480000", "comprehensiveIncomeNetOfTax": "None", "ebit": "-57683000", "ebitda": "-55639000", "netIncome": "-54480000"}, {"fiscalDateEnding": "2019-12-31", "reportedCurrency": "USD", "grossProfit": "None", "totalRevenue": "0", "costOfRevenue": "None", "costofGoodsAndServicesSold": "None", "operatingIncome": "-64575000", "sellingGeneralAndAdministrative": "15212000", "researchAndDevelopment": "49363000", "operatingExpenses": "64575000", "investmentIncomeNet": "None", "netInterestIncome": "3658000", "interestIncome": "3658000", "interestExpense": "0", "nonInterestIncome": "None", "otherNonOperatingIncome": "None", "depreciation": "None", "depreciationAndAmortization": "1855000", "incomeBeforeTax": "-61185000", "incomeTaxExpense": "-155000", "interestAndDebtExpense": "None", "netIncomeFromContinuingOperations": "-61030000", "comprehensiveIncomeNetOfTax": "None", "ebit": "-61185000", "ebitda": "-59330000", "netIncome": "-61030000"}, {"fiscalDateEnding": "2019-09-30", "reportedCurrency": "USD", "grossProfit": "None", "totalRevenue": "0", "costOfRevenue": "None", "costofGoodsAndServicesSold": "None", "operatingIncome": "-55011000", "sellingGeneralAndAdministrative": "15016000", "researchAndDevelopment": "39995000", "operatingExpenses": "55011000", "investmentIncomeNet": "None", "netInterestIncome": "4309000", "interestIncome": "4309000", "interestExpense": "0", "nonInterestIncome": "None", "otherNonOperatingIncome": "4309000", "depreciation": "None", "depreciationAndAmortization": "1328000", "incomeBeforeTax": "-50702000", "incomeTaxExpense": "33000", "interestAndDebtExpense": "None", "netIncomeFromContinuingOperations": "-50735000", "comprehensiveIncomeNetOfTax": "None", "ebit": "-55011000", "ebitda": "-53683000", "netIncome": "-50735000"}, {"fiscalDateEnding": "2019-06-30", "reportedCurrency": "USD", "grossProfit": "None", "totalRevenue": "0", "costOfRevenue": "None", "costofGoodsAndServicesSold": "None", "operatingIncome": "-45961000", "sellingGeneralAndAdministrative": "14187000", "researchAndDevelopment": "31774000", "operatingExpenses": "45961000", "investmentIncomeNet": "None", "netInterestIncome": "4559000", "interestIncome": "4559000", "interestExpense": "None", "nonInterestIncome": "None", "otherNonOperatingIncome": "4559000", "depreciation": "None", "depreciationAndAmortization": "848000", "incomeBeforeTax": "-41402000", "incomeTaxExpense": "-159000", "interestAndDebtExpense": "None", "netIncomeFromContinuingOperations": "-41243000", "comprehensiveIncomeNetOfTax": "None", "ebit": "-45660000", "ebitda": "-44812000", "netIncome": "-41243000"}, {"fiscalDateEnding": "2019-03-31", "reportedCurrency": "USD", "grossProfit": "None", "totalRevenue": "0", "costOfRevenue": "None", "costofGoodsAndServicesSold": "None", "operatingIncome": "-36461000", "sellingGeneralAndAdministrative": "13058000", "researchAndDevelopment": "23403000", "operatingExpenses": "36461000", "investmentIncomeNet": "None", "netInterestIncome": "4825000", "interestIncome": "4825000", "interestExpense": "None", "nonInterestIncome": "None", "otherNonOperatingIncome": "4825000", "depreciation": "None", "depreciationAndAmortization": "695000", "incomeBeforeTax": "-31636000", "incomeTaxExpense": "-50000", "interestAndDebtExpense": "None", "netIncomeFromContinuingOperations": "-31586000", "comprehensiveIncomeNetOfTax": "None", "ebit": "-36461000", "ebitda": "-35766000", "netIncome": "-31586000"}, {"fiscalDateEnding": "2018-12-31", "reportedCurrency": "USD", "grossProfit": "0", "totalRevenue": "0", "costOfRevenue": "0", "costofGoodsAndServicesSold": "0", "operatingIncome": "-33046000", "sellingGeneralAndAdministrative": "14542000", "researchAndDevelopment": "18504000", "operatingExpenses": "33046000", "investmentIncomeNet": "None", "netInterestIncome": "None", "interestIncome": "None", "interestExpense": "6716000", "nonInterestIncome": "None", "otherNonOperatingIncome": "None", "depreciation": "None", "depreciationAndAmortization": "547000", "incomeBeforeTax": "-30626000", "incomeTaxExpense": "-117000", "interestAndDebtExpense": "None", "netIncomeFromContinuingOperations": "-30509000", "comprehensiveIncomeNetOfTax": "None", "ebit": "-30626000", "ebitda": "-30079000", "netIncome": "-30509000"}, {"fiscalDateEnding": "2018-09-30", "reportedCurrency": "USD", "grossProfit": "0", "totalRevenue": "0", "costOfRevenue": "0", "costofGoodsAndServicesSold": "0", "operatingIncome": "-22187000", "sellingGeneralAndAdministrative": "11317000", "researchAndDevelopment": "10870000", "operatingExpenses": "22187000", "investmentIncomeNet": "None", "netInterestIncome": "None", "interestIncome": "None", "interestExpense": "3358000", "nonInterestIncome": "None", "otherNonOperatingIncome": "-17952000", "depreciation": "None", "depreciationAndAmortization": "503000", "incomeBeforeTax": "-43497000", "incomeTaxExpense": "-16057000", "interestAndDebtExpense": "None", "netIncomeFromContinuingOperations": "-43497000", "comprehensiveIncomeNetOfTax": "None", "ebit": "-40139000", "ebitda": "-39636000", "netIncome": "-43497000"}, {"fiscalDateEnding": "2018-06-30", "reportedCurrency": "USD", "grossProfit": "0", "totalRevenue": "0", "costOfRevenue": "0", "costofGoodsAndServicesSold": "0", "operatingIncome": "-135012000", "sellingGeneralAndAdministrative": "12526000", "researchAndDevelopment": "122486000", "operatingExpenses": "135012000", "investmentIncomeNet": "None", "netInterestIncome": "None", "interestIncome": "None", "interestExpense": "3358000", "nonInterestIncome": "None", "otherNonOperatingIncome": "None", "depreciation": "None", "depreciationAndAmortization": "450000", "incomeBeforeTax": "-134902000", "incomeTaxExpense": "0", "interestAndDebtExpense": "None", "netIncomeFromContinuingOperations": "-68749500", "comprehensiveIncomeNetOfTax": "None", "ebit": "-135012000", "ebitda": "-134562000", "netIncome": "-134902000"}, {"fiscalDateEnding": "2018-03-31", "reportedCurrency": "USD", "grossProfit": "0", "totalRevenue": "0", "costOfRevenue": "0", "costofGoodsAndServicesSold": "0", "operatingIncome": "-2597000", "sellingGeneralAndAdministrative": "2597000", "researchAndDevelopment": "10870000", "operatingExpenses": "2597000", "investmentIncomeNet": "None", "netInterestIncome": "None", "interestIncome": "None", "interestExpense": "3358000", "nonInterestIncome": "None", "otherNonOperatingIncome": "None", "depreciation": "None", "depreciationAndAmortization": "2597000", "incomeBeforeTax": "-2597000", "incomeTaxExpense": "-2597000", "interestAndDebtExpense": "None", "netIncomeFromContinuingOperations": "-2597000", "comprehensiveIncomeNetOfTax": "None", "ebit": "-5194000", "ebitda": "-2597000", "netIncome": "-2597000"}, {"fiscalDateEnding": "2017-12-31", "reportedCurrency": "USD", "grossProfit": "0", "totalRevenue": "0", "costOfRevenue": "0", "costofGoodsAndServicesSold": "0", "operatingIncome": "-2000", "sellingGeneralAndAdministrative": "2000", "researchAndDevelopment": "151860000", "operatingExpenses": "2000", "investmentIncomeNet": "None", "netInterestIncome": "None", "interestIncome": "None", "interestExpense": "3358000", "nonInterestIncome": "None", "otherNonOperatingIncome": "None", "depreciation": "None", "depreciationAndAmortization": "None", "incomeBeforeTax": "-2000", "incomeTaxExpense": "0", "interestAndDebtExpense": "None", "netIncomeFromContinuingOperations": "-24000", "comprehensiveIncomeNetOfTax": "None", "ebit": "-2000", "ebitda": "-2000", "netIncome": "-2000"}]}