{"symbol": "ALPS", "annualReports": [{"fiscalDateEnding": "2022-12-31", "reportedCurrency": "USD", "grossProfit": "92070777", "totalRevenue": "195648957", "costOfRevenue": "103578180", "costofGoodsAndServicesSold": "103578180", "operatingIncome": "55913366", "sellingGeneralAndAdministrative": "26090160", "researchAndDevelopment": "None", "operatingExpenses": "26133916", "investmentIncomeNet": "None", "netInterestIncome": "-14051912", "interestIncome": "14966", "interestExpense": "13784330", "nonInterestIncome": "None", "otherNonOperatingIncome": "None", "depreciation": "None", "depreciationAndAmortization": "71959472", "incomeBeforeTax": "42485033", "incomeTaxExpense": "-1928319", "interestAndDebtExpense": "None", "netIncomeFromContinuingOperations": "44413352", "comprehensiveIncomeNetOfTax": "None", "ebit": "55913366", "ebitda": "127872838", "netIncome": "44413352"}, {"fiscalDateEnding": "2021-12-31", "reportedCurrency": "USD", "grossProfit": "54088103", "totalRevenue": "97917790", "costOfRevenue": "43829687", "costofGoodsAndServicesSold": "43829687", "operatingIncome": "3440111", "sellingGeneralAndAdministrative": "26248708", "researchAndDevelopment": "None", "operatingExpenses": "38355520", "investmentIncomeNet": "None", "netInterestIncome": "-17013862", "interestIncome": "0", "interestExpense": "4721390", "nonInterestIncome": "None", "otherNonOperatingIncome": "None", "depreciation": "None", "depreciationAndAmortization": "16708687", "incomeBeforeTax": "-36331278", "incomeTaxExpense": "2832215", "interestAndDebtExpense": "None", "netIncomeFromContinuingOperations": "-39163493", "comprehensiveIncomeNetOfTax": "None", "ebit": "3440111", "ebitda": "20148798", "netIncome": "-39163493"}, {"fiscalDateEnding": "2020-12-31", "reportedCurrency": "USD", "grossProfit": "None", "totalRevenue": "0", "costOfRevenue": "None", "costofGoodsAndServicesSold": "None", "operatingIncome": "-34843.02", "sellingGeneralAndAdministrative": "34843.02", "researchAndDevelopment": "None", "operatingExpenses": "34843.02", "investmentIncomeNet": "None", "netInterestIncome": "None", "interestIncome": "None", "interestExpense": "None", "nonInterestIncome": "None", "otherNonOperatingIncome": "None", "depreciation": "None", "depreciationAndAmortization": "None", "incomeBeforeTax": "-38019.79", "incomeTaxExpense": "None", "interestAndDebtExpense": "None", "netIncomeFromContinuingOperations": "-38019.79", "comprehensiveIncomeNetOfTax": "None", "ebit": "-11899492", "ebitda": "-38019.79", "netIncome": "-38019.79"}, {"fiscalDateEnding": "2019-12-31", "reportedCurrency": "USD", "grossProfit": "None", "totalRevenue": "0", "costOfRevenue": "None", "costofGoodsAndServicesSold": "None", "operatingIncome": "-149579.04", "sellingGeneralAndAdministrative": "101804.40", "researchAndDevelopment": "None", "operatingExpenses": "101804.40", "investmentIncomeNet": "None", "netInterestIncome": "None", "interestIncome": "None", "interestExpense": "47774.64", "nonInterestIncome": "None", "otherNonOperatingIncome": "None", "depreciation": "None", "depreciationAndAmortization": "-47774.64", "incomeBeforeTax": "-54029.76", "incomeTaxExpense": "-95549.29", "interestAndDebtExpense": "None", "netIncomeFromContinuingOperations": "-54029.76", "comprehensiveIncomeNetOfTax": "None", "ebit": "-149579.04", "ebitda": "-197353.68", "netIncome": "-54029.76"}, {"fiscalDateEnding": "2018-12-31", "reportedCurrency": "USD", "grossProfit": "None", "totalRevenue": "None", "costOfRevenue": "None", "costofGoodsAndServicesSold": "None", "operatingIncome": "None", "sellingGeneralAndAdministrative": "None", "researchAndDevelopment": "None", "operatingExpenses": "None", "investmentIncomeNet": "None", "netInterestIncome": "None", "interestIncome": "None", "interestExpense": "None", "nonInterestIncome": "None", "otherNonOperatingIncome": "None", "depreciation": "None", "depreciationAndAmortization": "None", "incomeBeforeTax": "None", "incomeTaxExpense": "None", "interestAndDebtExpense": "None", "netIncomeFromContinuingOperations": "None", "comprehensiveIncomeNetOfTax": "None", "ebit": "-1441255", "ebitda": "None", "netIncome": "None"}], "quarterlyReports": [{"fiscalDateEnding": "2023-03-31", "reportedCurrency": "USD", "grossProfit": "1642148", "totalRevenue": "30045921", "costOfRevenue": "28403773", "costofGoodsAndServicesSold": "28403773", "operatingIncome": "-2377170", "sellingGeneralAndAdministrative": "3441595", "researchAndDevelopment": "None", "operatingExpenses": "3450822", "investmentIncomeNet": "None", "netInterestIncome": "-6137113", "interestIncome": "53741", "interestExpense": "5568617", "nonInterestIncome": "None", "otherNonOperatingIncome": "None", "depreciation": "None", "depreciationAndAmortization": "18153036", "incomeBeforeTax": "10523871", "incomeTaxExpense": "4010178", "interestAndDebtExpense": "None", "netIncomeFromContinuingOperations": "10523871", "comprehensiveIncomeNetOfTax": "None", "ebit": "-2377170", "ebitda": "15775866", "netIncome": "6513693"}, {"fiscalDateEnding": "2022-12-31", "reportedCurrency": "USD", "grossProfit": "-27648840", "totalRevenue": "-7166048", "costOfRevenue": "20482792", "costofGoodsAndServicesSold": "20482792", "operatingIncome": "23926704", "sellingGeneralAndAdministrative": "4827480", "researchAndDevelopment": "None", "operatingExpenses": "-24906173", "investmentIncomeNet": "None", "netInterestIncome": "17894857", "interestIncome": "None", "interestExpense": "8774514", "nonInterestIncome": "None", "otherNonOperatingIncome": "None", "depreciation": "None", "depreciationAndAmortization": "34699765", "incomeBeforeTax": "22998187", "incomeTaxExpense": "-1928319", "interestAndDebtExpense": "None", "netIncomeFromContinuingOperations": "24926506", "comprehensiveIncomeNetOfTax": "None", "ebit": "23926704", "ebitda": "58626469", "netIncome": "24926506"}, {"fiscalDateEnding": "2022-09-30", "reportedCurrency": "USD", "grossProfit": "44590137", "totalRevenue": "78362838", "costOfRevenue": "33772701", "costofGoodsAndServicesSold": "33772701", "operatingIncome": "17620363", "sellingGeneralAndAdministrative": "7833676", "researchAndDevelopment": "None", "operatingExpenses": "23243182", "investmentIncomeNet": "None", "netInterestIncome": "-5938583", "interestIncome": "None", "interestExpense": "2211991", "nonInterestIncome": "None", "otherNonOperatingIncome": "None", "depreciation": "None", "depreciationAndAmortization": "13121972", "incomeBeforeTax": "22537836", "incomeTaxExpense": "824114", "interestAndDebtExpense": "None", "netIncomeFromContinuingOperations": "22537836", "comprehensiveIncomeNetOfTax": "None", "ebit": "17620363", "ebitda": "30742335", "netIncome": "21713722"}, {"fiscalDateEnding": "2022-06-30", "reportedCurrency": "USD", "grossProfit": "45711141", "totalRevenue": "77412882", "costOfRevenue": "31701741", "costofGoodsAndServicesSold": "31701741", "operatingIncome": "12880957", "sellingGeneralAndAdministrative": "8996647", "researchAndDevelopment": "None", "operatingExpenses": "18796320", "investmentIncomeNet": "None", "netInterestIncome": "-15468577", "interestIncome": "None", "interestExpense": "1434713", "nonInterestIncome": "None", "otherNonOperatingIncome": "None", "depreciation": "None", "depreciationAndAmortization": "9782846", "incomeBeforeTax": "9221988", "incomeTaxExpense": "4572427", "interestAndDebtExpense": "None", "netIncomeFromContinuingOperations": "9221988", "comprehensiveIncomeNetOfTax": "None", "ebit": "12880957", "ebitda": "22663803", "netIncome": "4649561"}, {"fiscalDateEnding": "2022-03-31", "reportedCurrency": "USD", "grossProfit": "29418339", "totalRevenue": "47039285", "costOfRevenue": "17620946", "costofGoodsAndServicesSold": "17620946", "operatingIncome": "11241255", "sellingGeneralAndAdministrative": "4432357", "researchAndDevelopment": "None", "operatingExpenses": "9000587", "investmentIncomeNet": "None", "netInterestIncome": "-10539609", "interestIncome": "0", "interestExpense": "1363112", "nonInterestIncome": "None", "otherNonOperatingIncome": "None", "depreciation": "None", "depreciationAndAmortization": "4598976", "incomeBeforeTax": "-12272978", "incomeTaxExpense": "18827108", "interestAndDebtExpense": "None", "netIncomeFromContinuingOperations": "-12272978", "comprehensiveIncomeNetOfTax": "None", "ebit": "11241255", "ebitda": "15840231", "netIncome": "-31100086"}, {"fiscalDateEnding": "2021-12-31", "reportedCurrency": "USD", "grossProfit": "30760034.67", "totalRevenue": "54101316.06", "costOfRevenue": "23341281.40", "costofGoodsAndServicesSold": "23341281.40", "operatingIncome": "9731929.30", "sellingGeneralAndAdministrative": "12117168.95", "researchAndDevelopment": "None", "operatingExpenses": "19040081.71", "investmentIncomeNet": "None", "netInterestIncome": "-3891154.58", "interestIncome": "None", "interestExpense": "1903130.92", "nonInterestIncome": "None", "otherNonOperatingIncome": "None", "depreciation": "None", "depreciationAndAmortization": "8459617.20", "incomeBeforeTax": "4883772.21", "incomeTaxExpense": "951487.77", "interestAndDebtExpense": "None", "netIncomeFromContinuingOperations": "3932284.44", "comprehensiveIncomeNetOfTax": "None", "ebit": "9731929.30", "ebitda": "18191546.50", "netIncome": "10793853.78"}, {"fiscalDateEnding": "2021-09-30", "reportedCurrency": "USD", "grossProfit": "10130515.94", "totalRevenue": "18366541.75", "costOfRevenue": "8236025.81", "costofGoodsAndServicesSold": "8236025.81", "operatingIncome": "-2304471.87", "sellingGeneralAndAdministrative": "2323066.49", "researchAndDevelopment": "None", "operatingExpenses": "4692824.16", "investmentIncomeNet": "None", "netInterestIncome": "-8613721.36", "interestIncome": "None", "interestExpense": "871557.71", "nonInterestIncome": "None", "otherNonOperatingIncome": "None", "depreciation": "None", "depreciationAndAmortization": "2991312.63", "incomeBeforeTax": "-15360280.82", "incomeTaxExpense": "1880727.23", "interestAndDebtExpense": "None", "netIncomeFromContinuingOperations": "-17241008.05", "comprehensiveIncomeNetOfTax": "None", "ebit": "-2304471.87", "ebitda": "686840.76", "netIncome": "-14610429.39"}, {"fiscalDateEnding": "2021-06-30", "reportedCurrency": "USD", "grossProfit": "None", "totalRevenue": "None", "costOfRevenue": "None", "costofGoodsAndServicesSold": "None", "operatingIncome": "-12992.67", "sellingGeneralAndAdministrative": "12992.67", "researchAndDevelopment": "None", "operatingExpenses": "12992.67", "investmentIncomeNet": "None", "netInterestIncome": "None", "interestIncome": "None", "interestExpense": "None", "nonInterestIncome": "None", "otherNonOperatingIncome": "None", "depreciation": "None", "depreciationAndAmortization": "None", "incomeBeforeTax": "-12992.67", "incomeTaxExpense": "None", "interestAndDebtExpense": "None", "netIncomeFromContinuingOperations": "None", "comprehensiveIncomeNetOfTax": "None", "ebit": "None", "ebitda": "-12992.67", "netIncome": "-12992.67"}, {"fiscalDateEnding": "2021-03-31", "reportedCurrency": "USD", "grossProfit": "None", "totalRevenue": "None", "costOfRevenue": "None", "costofGoodsAndServicesSold": "None", "operatingIncome": "-26769.53", "sellingGeneralAndAdministrative": "26769.53", "researchAndDevelopment": "None", "operatingExpenses": "26769.53", "investmentIncomeNet": "None", "netInterestIncome": "None", "interestIncome": "None", "interestExpense": "17955.30", "nonInterestIncome": "None", "otherNonOperatingIncome": "None", "depreciation": "None", "depreciationAndAmortization": "17955.30", "incomeBeforeTax": "-44724.83", "incomeTaxExpense": "17955.30", "interestAndDebtExpense": "None", "netIncomeFromContinuingOperations": "None", "comprehensiveIncomeNetOfTax": "None", "ebit": "-26769.53", "ebitda": "-8814.22", "netIncome": "-44724.83"}, {"fiscalDateEnding": "2020-12-31", "reportedCurrency": "USD", "grossProfit": "None", "totalRevenue": "None", "costOfRevenue": "None", "costofGoodsAndServicesSold": "None", "operatingIncome": "-1395.12", "sellingGeneralAndAdministrative": "1395.12", "researchAndDevelopment": "None", "operatingExpenses": "1395.12", "investmentIncomeNet": "None", "netInterestIncome": "None", "interestIncome": "None", "interestExpense": "None", "nonInterestIncome": "None", "otherNonOperatingIncome": "None", "depreciation": "None", "depreciationAndAmortization": "None", "incomeBeforeTax": "-1395.12", "incomeTaxExpense": "None", "interestAndDebtExpense": "None", "netIncomeFromContinuingOperations": "None", "comprehensiveIncomeNetOfTax": "None", "ebit": "None", "ebitda": "-1395.12", "netIncome": "-1395.12"}, {"fiscalDateEnding": "2020-09-30", "reportedCurrency": "USD", "grossProfit": "None", "totalRevenue": "None", "costOfRevenue": "None", "costofGoodsAndServicesSold": "None", "operatingIncome": "-3699.50", "sellingGeneralAndAdministrative": "3699.50", "researchAndDevelopment": "None", "operatingExpenses": "3699.50", "investmentIncomeNet": "None", "netInterestIncome": "None", "interestIncome": "None", "interestExpense": "None", "nonInterestIncome": "None", "otherNonOperatingIncome": "None", "depreciation": "None", "depreciationAndAmortization": "None", "incomeBeforeTax": "-3699.50", "incomeTaxExpense": "None", "interestAndDebtExpense": "None", "netIncomeFromContinuingOperations": "None", "comprehensiveIncomeNetOfTax": "None", "ebit": "None", "ebitda": "-3699.50", "netIncome": "-3699.50"}, {"fiscalDateEnding": "2020-06-30", "reportedCurrency": "USD", "grossProfit": "None", "totalRevenue": "None", "costOfRevenue": "None", "costofGoodsAndServicesSold": "None", "operatingIncome": "-2610.92", "sellingGeneralAndAdministrative": "2610.92", "researchAndDevelopment": "None", "operatingExpenses": "2610.92", "investmentIncomeNet": "None", "netInterestIncome": "None", "interestIncome": "None", "interestExpense": "13797.77", "nonInterestIncome": "None", "otherNonOperatingIncome": "None", "depreciation": "None", "depreciationAndAmortization": "-13797.77", "incomeBeforeTax": "11186.85", "incomeTaxExpense": "-13797.77", "interestAndDebtExpense": "None", "netIncomeFromContinuingOperations": "None", "comprehensiveIncomeNetOfTax": "None", "ebit": "-2610.92", "ebitda": "-16408.70", "netIncome": "11186.85"}, {"fiscalDateEnding": "2020-03-31", "reportedCurrency": "USD", "grossProfit": "None", "totalRevenue": "None", "costOfRevenue": "None", "costofGoodsAndServicesSold": "None", "operatingIncome": "-80968.74", "sellingGeneralAndAdministrative": "80968.74", "researchAndDevelopment": "None", "operatingExpenses": "80968.74", "investmentIncomeNet": "None", "netInterestIncome": "None", "interestIncome": "None", "interestExpense": "47774.64", "nonInterestIncome": "None", "otherNonOperatingIncome": "None", "depreciation": "None", "depreciationAndAmortization": "-47774.64", "incomeBeforeTax": "-33194.09", "incomeTaxExpense": "-47774.64", "interestAndDebtExpense": "None", "netIncomeFromContinuingOperations": "None", "comprehensiveIncomeNetOfTax": "None", "ebit": "-80968.74", "ebitda": "-128743.38", "netIncome": "-33194.09"}, {"fiscalDateEnding": "2019-12-31", "reportedCurrency": "USD", "grossProfit": "None", "totalRevenue": "None", "costOfRevenue": "None", "costofGoodsAndServicesSold": "None", "operatingIncome": "-6892.91", "sellingGeneralAndAdministrative": "6892.91", "researchAndDevelopment": "None", "operatingExpenses": "6892.91", "investmentIncomeNet": "None", "netInterestIncome": "None", "interestIncome": "None", "interestExpense": "None", "nonInterestIncome": "None", "otherNonOperatingIncome": "None", "depreciation": "None", "depreciationAndAmortization": "None", "incomeBeforeTax": "-6892.91", "incomeTaxExpense": "None", "interestAndDebtExpense": "None", "netIncomeFromContinuingOperations": "None", "comprehensiveIncomeNetOfTax": "None", "ebit": "None", "ebitda": "-6892.91", "netIncome": "-6892.91"}, {"fiscalDateEnding": "2019-09-30", "reportedCurrency": "USD", "grossProfit": "None", "totalRevenue": "None", "costOfRevenue": "None", "costofGoodsAndServicesSold": "None", "operatingIncome": "-797.70", "sellingGeneralAndAdministrative": "797.70", "researchAndDevelopment": "None", "operatingExpenses": "797.70", "investmentIncomeNet": "None", "netInterestIncome": "None", "interestIncome": "None", "interestExpense": "None", "nonInterestIncome": "None", "otherNonOperatingIncome": "None", "depreciation": "None", "depreciationAndAmortization": "None", "incomeBeforeTax": "-797.70", "incomeTaxExpense": "None", "interestAndDebtExpense": "None", "netIncomeFromContinuingOperations": "None", "comprehensiveIncomeNetOfTax": "None", "ebit": "None", "ebitda": "-797.70", "netIncome": "-797.70"}]}