{"symbol": "ARCT", "annualReports": [{"fiscalDateEnding": "2024-12-31", "reportedCurrency": "USD", "grossProfit": "138389000", "totalRevenue": "138389000", "costOfRevenue": "3544000", "costofGoodsAndServicesSold": "3544000", "operatingIncome": "-95669000", "sellingGeneralAndAdministrative": "52823000", "researchAndDevelopment": "195156000", "operatingExpenses": "234058000", "investmentIncomeNet": "None", "netInterestIncome": "15195000", "interestIncome": "15195000", "interestExpense": "0", "nonInterestIncome": "None", "otherNonOperatingIncome": "None", "depreciation": "None", "depreciationAndAmortization": "3544000", "incomeBeforeTax": "-80945000", "incomeTaxExpense": "-4000", "interestAndDebtExpense": "None", "netIncomeFromContinuingOperations": "-80941000", "comprehensiveIncomeNetOfTax": "None", "ebit": "-80945000", "ebitda": "-77401000", "netIncome": "-80941000"}, {"fiscalDateEnding": "2023-12-31", "reportedCurrency": "USD", "grossProfit": "157748000", "totalRevenue": "157748000", "costOfRevenue": "2957000", "costofGoodsAndServicesSold": "2957000", "operatingIncome": "-78205000", "sellingGeneralAndAdministrative": "52871000", "researchAndDevelopment": "192133000", "operatingExpenses": "235953000", "investmentIncomeNet": "None", "netInterestIncome": "10735000", "interestIncome": "12288000", "interestExpense": "767000", "nonInterestIncome": "None", "otherNonOperatingIncome": "None", "depreciation": "None", "depreciationAndAmortization": "2957000", "incomeBeforeTax": "-27890000", "incomeTaxExpense": "1835000", "interestAndDebtExpense": "None", "netIncomeFromContinuingOperations": "99329000", "comprehensiveIncomeNetOfTax": "None", "ebit": "-27122000", "ebitda": "-24165000", "netIncome": "-29725000"}, {"fiscalDateEnding": "2022-12-31", "reportedCurrency": "USD", "grossProfit": "205755000", "totalRevenue": "205755000", "costOfRevenue": "143051000", "costofGoodsAndServicesSold": "143051000", "operatingIncome": "12177000", "sellingGeneralAndAdministrative": "46071000", "researchAndDevelopment": "147751000", "operatingExpenses": "193578000", "investmentIncomeNet": "None", "netInterestIncome": "-420000", "interestIncome": "2581000", "interestExpense": "3001000", "nonInterestIncome": "None", "otherNonOperatingIncome": "None", "depreciation": "None", "depreciationAndAmortization": "1527000", "incomeBeforeTax": "10644000", "incomeTaxExpense": "1295000", "interestAndDebtExpense": "None", "netIncomeFromContinuingOperations": "9349000", "comprehensiveIncomeNetOfTax": "None", "ebit": "12177000", "ebitda": "13704000", "netIncome": "9349000"}, {"fiscalDateEnding": "2021-12-31", "reportedCurrency": "USD", "grossProfit": "12359000", "totalRevenue": "12359000", "costOfRevenue": "173760000", "costofGoodsAndServicesSold": "173760000", "operatingIncome": "-202852000", "sellingGeneralAndAdministrative": "41451000", "researchAndDevelopment": "173760000", "operatingExpenses": "215211000", "investmentIncomeNet": "None", "netInterestIncome": "-1921000", "interestIncome": "753000", "interestExpense": "2674000", "nonInterestIncome": "None", "otherNonOperatingIncome": "-822000", "depreciation": "None", "depreciationAndAmortization": "1193000", "incomeBeforeTax": "-203674000", "incomeTaxExpense": "3189000", "interestAndDebtExpense": "None", "netIncomeFromContinuingOperations": "-203674000", "comprehensiveIncomeNetOfTax": "None", "ebit": "-202852000", "ebitda": "-201659000", "netIncome": "-203674000"}, {"fiscalDateEnding": "2020-12-31", "reportedCurrency": "USD", "grossProfit": "-46407000", "totalRevenue": "9539000", "costOfRevenue": "55946000", "costofGoodsAndServicesSold": "55946000", "operatingIncome": "-71524000", "sellingGeneralAndAdministrative": "23217000", "researchAndDevelopment": "57846000", "operatingExpenses": "25117000", "investmentIncomeNet": "None", "netInterestIncome": "-361000", "interestIncome": "470000", "interestExpense": "831000", "nonInterestIncome": "None", "otherNonOperatingIncome": "-624000", "depreciation": "None", "depreciationAndAmortization": "882000", "incomeBeforeTax": "-72148000", "incomeTaxExpense": "-784000", "interestAndDebtExpense": "None", "netIncomeFromContinuingOperations": "-72148000", "comprehensiveIncomeNetOfTax": "None", "ebit": "-71524000", "ebitda": "-70642000", "netIncome": "-72148000"}, {"fiscalDateEnding": "2019-12-31", "reportedCurrency": "USD", "grossProfit": "20789000", "totalRevenue": "20789000", "costOfRevenue": "32440000", "costofGoodsAndServicesSold": "32440000", "operatingIncome": "-25513000", "sellingGeneralAndAdministrative": "12662000", "researchAndDevelopment": "33640000", "operatingExpenses": "46302000", "investmentIncomeNet": "None", "netInterestIncome": "-446000", "interestIncome": "408000", "interestExpense": "854000", "nonInterestIncome": "None", "otherNonOperatingIncome": "-478000", "depreciation": "None", "depreciationAndAmortization": "684000", "incomeBeforeTax": "-25991000", "incomeTaxExpense": "-270000", "interestAndDebtExpense": "None", "netIncomeFromContinuingOperations": "-25991000", "comprehensiveIncomeNetOfTax": "None", "ebit": "-25137000", "ebitda": "-24453000", "netIncome": "-25991000"}, {"fiscalDateEnding": "2018-12-31", "reportedCurrency": "USD", "grossProfit": "-1229000", "totalRevenue": "15753000", "costOfRevenue": "16982000", "costofGoodsAndServicesSold": "16982000", "operatingIncome": "-21811000", "sellingGeneralAndAdministrative": "20582000", "researchAndDevelopment": "16982000", "operatingExpenses": "37564000", "investmentIncomeNet": "None", "netInterestIncome": "328000", "interestIncome": "514000", "interestExpense": "186000", "nonInterestIncome": "None", "otherNonOperatingIncome": "None", "depreciation": "None", "depreciationAndAmortization": "582000", "incomeBeforeTax": "-21785000", "incomeTaxExpense": "212000", "interestAndDebtExpense": "None", "netIncomeFromContinuingOperations": "-21785000", "comprehensiveIncomeNetOfTax": "None", "ebit": "-21297000", "ebitda": "-20715000", "netIncome": "-21785000"}, {"fiscalDateEnding": "2017-12-31", "reportedCurrency": "USD", "grossProfit": "12588000", "totalRevenue": "12998000", "costOfRevenue": "410000", "costofGoodsAndServicesSold": "410000", "operatingIncome": "-10492000", "sellingGeneralAndAdministrative": "7572000", "researchAndDevelopment": "15918000", "operatingExpenses": "23490000", "investmentIncomeNet": "None", "netInterestIncome": "-61000", "interestIncome": "89000", "interestExpense": "150000", "nonInterestIncome": "None", "otherNonOperatingIncome": "None", "depreciation": "None", "depreciationAndAmortization": "410000", "incomeBeforeTax": "-10901000", "incomeTaxExpense": "1000", "interestAndDebtExpense": "None", "netIncomeFromContinuingOperations": "-10902000", "comprehensiveIncomeNetOfTax": "None", "ebit": "-10751000", "ebitda": "-10341000", "netIncome": "-10902000"}, {"fiscalDateEnding": "2016-12-31", "reportedCurrency": "USD", "grossProfit": "20088000", "totalRevenue": "20382000", "costOfRevenue": "294000", "costofGoodsAndServicesSold": "294000", "operatingIncome": "-25167000", "sellingGeneralAndAdministrative": "5357000", "researchAndDevelopment": "18391000", "operatingExpenses": "25167000", "investmentIncomeNet": "None", "netInterestIncome": "637000", "interestIncome": "798000", "interestExpense": "295000", "nonInterestIncome": "None", "otherNonOperatingIncome": "None", "depreciation": "None", "depreciationAndAmortization": "294000", "incomeBeforeTax": "-24530000", "incomeTaxExpense": "73000", "interestAndDebtExpense": "None", "netIncomeFromContinuingOperations": "-24603000", "comprehensiveIncomeNetOfTax": "None", "ebit": "-1241000", "ebitda": "-947000", "netIncome": "-24603000"}, {"fiscalDateEnding": "2015-12-31", "reportedCurrency": "USD", "grossProfit": "6087000", "totalRevenue": "6138000", "costOfRevenue": "51000", "costofGoodsAndServicesSold": "51000", "operatingIncome": "-19698000", "sellingGeneralAndAdministrative": "4992000", "researchAndDevelopment": "13461000", "operatingExpenses": "19698000", "investmentIncomeNet": "None", "netInterestIncome": "None", "interestIncome": "None", "interestExpense": "251000", "nonInterestIncome": "None", "otherNonOperatingIncome": "None", "depreciation": "None", "depreciationAndAmortization": "51000", "incomeBeforeTax": "-19398000", "incomeTaxExpense": "51000", "interestAndDebtExpense": "None", "netIncomeFromContinuingOperations": "-1902000", "comprehensiveIncomeNetOfTax": "None", "ebit": "-1771000", "ebitda": "-1720000", "netIncome": "-19449000"}, {"fiscalDateEnding": "2014-12-31", "reportedCurrency": "USD", "grossProfit": "0", "totalRevenue": "0", "costOfRevenue": "0", "costofGoodsAndServicesSold": "0", "operatingIncome": "-33078000", "sellingGeneralAndAdministrative": "5839000", "researchAndDevelopment": "25105000", "operatingExpenses": "33078000", "investmentIncomeNet": "None", "netInterestIncome": "None", "interestIncome": "None", "interestExpense": "2000", "nonInterestIncome": "None", "otherNonOperatingIncome": "None", "depreciation": "None", "depreciationAndAmortization": "31000", "incomeBeforeTax": "-32851000", "incomeTaxExpense": "-17000", "interestAndDebtExpense": "None", "netIncomeFromContinuingOperations": "-32834000", "comprehensiveIncomeNetOfTax": "None", "ebit": "-32841000", "ebitda": "-32810000", "netIncome": "-32834000"}, {"fiscalDateEnding": "2013-12-31", "reportedCurrency": "USD", "grossProfit": "0", "totalRevenue": "0", "costOfRevenue": "0", "costofGoodsAndServicesSold": "0", "operatingIncome": "-10290000", "sellingGeneralAndAdministrative": "3224000", "researchAndDevelopment": "7066000", "operatingExpenses": "10290000", "investmentIncomeNet": "None", "netInterestIncome": "None", "interestIncome": "None", "interestExpense": "197000", "nonInterestIncome": "None", "otherNonOperatingIncome": "None", "depreciation": "None", "depreciationAndAmortization": "8000", "incomeBeforeTax": "-10487000", "incomeTaxExpense": "61000", "interestAndDebtExpense": "None", "netIncomeFromContinuingOperations": "-10548000", "comprehensiveIncomeNetOfTax": "None", "ebit": "-10284000", "ebitda": "-10276000", "netIncome": "-10548000"}, {"fiscalDateEnding": "2012-12-31", "reportedCurrency": "USD", "grossProfit": "None", "totalRevenue": "None", "costOfRevenue": "None", "costofGoodsAndServicesSold": "None", "operatingIncome": "-1501000", "sellingGeneralAndAdministrative": "683000", "researchAndDevelopment": "818000", "operatingExpenses": "1501000", "investmentIncomeNet": "None", "netInterestIncome": "None", "interestIncome": "None", "interestExpense": "80000", "nonInterestIncome": "None", "otherNonOperatingIncome": "None", "depreciation": "None", "depreciationAndAmortization": "7000", "incomeBeforeTax": "-1579000", "incomeTaxExpense": "65000", "interestAndDebtExpense": "None", "netIncomeFromContinuingOperations": "None", "comprehensiveIncomeNetOfTax": "None", "ebit": "-1514000", "ebitda": "-1507000", "netIncome": "-1579000"}, {"fiscalDateEnding": "2011-12-31", "reportedCurrency": "USD", "grossProfit": "None", "totalRevenue": "None", "costOfRevenue": "None", "costofGoodsAndServicesSold": "None", "operatingIncome": "-3906000", "sellingGeneralAndAdministrative": "2084000", "researchAndDevelopment": "1822000", "operatingExpenses": "3906000", "investmentIncomeNet": "None", "netInterestIncome": "None", "interestIncome": "None", "interestExpense": "44000", "nonInterestIncome": "None", "otherNonOperatingIncome": "None", "depreciation": "None", "depreciationAndAmortization": "6000", "incomeBeforeTax": "-3929000", "incomeTaxExpense": "21000", "interestAndDebtExpense": "None", "netIncomeFromContinuingOperations": "None", "comprehensiveIncomeNetOfTax": "None", "ebit": "-3926000", "ebitda": "-3920000", "netIncome": "-3929000"}], "quarterlyReports": [{"fiscalDateEnding": "2025-09-30", "reportedCurrency": "USD", "grossProfit": "13809000", "totalRevenue": "17151000", "costOfRevenue": "3342000", "costofGoodsAndServicesSold": "3342000", "operatingIncome": "-16512000", "sellingGeneralAndAdministrative": "10398000", "researchAndDevelopment": "23265000", "operatingExpenses": "30321000", "investmentIncomeNet": "None", "netInterestIncome": "3234000", "interestIncome": "3234000", "interestExpense": "None", "nonInterestIncome": "None", "otherNonOperatingIncome": "None", "depreciation": "None", "depreciationAndAmortization": "763000", "incomeBeforeTax": "-13448000", "incomeTaxExpense": "-16682000", "interestAndDebtExpense": "None", "netIncomeFromContinuingOperations": "-13448000", "comprehensiveIncomeNetOfTax": "None", "ebit": "-13448000", "ebitda": "-12685000", "netIncome": "-13448000"}, {"fiscalDateEnding": "2025-06-30", "reportedCurrency": "USD", "grossProfit": "24510000", "totalRevenue": "24510000", "costOfRevenue": "None", "costofGoodsAndServicesSold": "None", "operatingIncome": "-11616000", "sellingGeneralAndAdministrative": "10338000", "researchAndDevelopment": "29579000", "operatingExpenses": "36126000", "investmentIncomeNet": "None", "netInterestIncome": "2567000", "interestIncome": "2567000", "interestExpense": "None", "nonInterestIncome": "None", "otherNonOperatingIncome": "None", "depreciation": "None", "depreciationAndAmortization": "779000", "incomeBeforeTax": "-9176000", "incomeTaxExpense": "4000", "interestAndDebtExpense": "None", "netIncomeFromContinuingOperations": "-9180000", "comprehensiveIncomeNetOfTax": "None", "ebit": "-11616000", "ebitda": "-10837000", "netIncome": "-9180000"}, {"fiscalDateEnding": "2025-03-31", "reportedCurrency": "USD", "grossProfit": "29382000", "totalRevenue": "29382000", "costOfRevenue": "None", "costofGoodsAndServicesSold": "None", "operatingIncome": "-16826000", "sellingGeneralAndAdministrative": "11315000", "researchAndDevelopment": "34893000", "operatingExpenses": "46208000", "investmentIncomeNet": "None", "netInterestIncome": "2771000", "interestIncome": "2771000", "interestExpense": "None", "nonInterestIncome": "None", "otherNonOperatingIncome": "None", "depreciation": "None", "depreciationAndAmortization": "801000", "incomeBeforeTax": "-14076000", "incomeTaxExpense": "-16847000", "interestAndDebtExpense": "None", "netIncomeFromContinuingOperations": "-14076000", "comprehensiveIncomeNetOfTax": "None", "ebit": "-16826000", "ebitda": "-16025000", "netIncome": "-14076000"}, {"fiscalDateEnding": "2024-12-31", "reportedCurrency": "USD", "grossProfit": "21000000", "totalRevenue": "21000000", "costOfRevenue": "819000", "costofGoodsAndServicesSold": "819000", "operatingIncome": "-33394000", "sellingGeneralAndAdministrative": "12380000", "researchAndDevelopment": "43780000", "operatingExpenses": "54394000", "investmentIncomeNet": "None", "netInterestIncome": "-8767000", "interestIncome": "8767000", "interestExpense": "0", "nonInterestIncome": "None", "otherNonOperatingIncome": "None", "depreciation": "None", "depreciationAndAmortization": "819000", "incomeBeforeTax": "-30009000", "incomeTaxExpense": "-4000", "interestAndDebtExpense": "None", "netIncomeFromContinuingOperations": "-30005000", "comprehensiveIncomeNetOfTax": "None", "ebit": "-30009000", "ebitda": "-29190000", "netIncome": "-30005000"}, {"fiscalDateEnding": "2024-09-30", "reportedCurrency": "USD", "grossProfit": "38815000", "totalRevenue": "38815000", "costOfRevenue": "900000", "costofGoodsAndServicesSold": "900000", "operatingIncome": "-10737000", "sellingGeneralAndAdministrative": "13276000", "researchAndDevelopment": "39134000", "operatingExpenses": "49552000", "investmentIncomeNet": "None", "netInterestIncome": "7636000", "interestIncome": "7636000", "interestExpense": "0", "nonInterestIncome": "None", "otherNonOperatingIncome": "None", "depreciation": "None", "depreciationAndAmortization": "912000", "incomeBeforeTax": "-7120000", "incomeTaxExpense": "-217000", "interestAndDebtExpense": "None", "netIncomeFromContinuingOperations": "-6903000", "comprehensiveIncomeNetOfTax": "None", "ebit": "-7120000", "ebitda": "-6208000", "netIncome": "-6903000"}, {"fiscalDateEnding": "2024-06-30", "reportedCurrency": "USD", "grossProfit": "45976000", "totalRevenue": "45976000", "costOfRevenue": "900000", "costofGoodsAndServicesSold": "900000", "operatingIncome": "-21126000", "sellingGeneralAndAdministrative": "12316000", "researchAndDevelopment": "58669000", "operatingExpenses": "67102000", "investmentIncomeNet": "None", "netInterestIncome": "4148000", "interestIncome": "4148000", "interestExpense": "0", "nonInterestIncome": "None", "otherNonOperatingIncome": "None", "depreciation": "None", "depreciationAndAmortization": "909000", "incomeBeforeTax": "-17366000", "incomeTaxExpense": "-150000", "interestAndDebtExpense": "None", "netIncomeFromContinuingOperations": "-17216000", "comprehensiveIncomeNetOfTax": "None", "ebit": "-21126000", "ebitda": "-20217000", "netIncome": "-17216000"}, {"fiscalDateEnding": "2024-03-31", "reportedCurrency": "USD", "grossProfit": "32598000", "totalRevenue": "32598000", "costOfRevenue": "904000", "costofGoodsAndServicesSold": "904000", "operatingIncome": "-30412000", "sellingGeneralAndAdministrative": "14851000", "researchAndDevelopment": "53573000", "operatingExpenses": "63010000", "investmentIncomeNet": "None", "netInterestIncome": "4016000", "interestIncome": "4016000", "interestExpense": "0", "nonInterestIncome": "None", "otherNonOperatingIncome": "None", "depreciation": "None", "depreciationAndAmortization": "904000", "incomeBeforeTax": "-26449000", "incomeTaxExpense": "368000", "interestAndDebtExpense": "None", "netIncomeFromContinuingOperations": "-26817000", "comprehensiveIncomeNetOfTax": "None", "ebit": "-30412000", "ebitda": "-29508000", "netIncome": "-26817000"}, {"fiscalDateEnding": "2023-12-31", "reportedCurrency": "USD", "grossProfit": "25078000", "totalRevenue": "25078000", "costOfRevenue": "815000", "costofGoodsAndServicesSold": "815000", "operatingIncome": "-18272000", "sellingGeneralAndAdministrative": "12507000", "researchAndDevelopment": "36620000", "operatingExpenses": "43350000", "investmentIncomeNet": "None", "netInterestIncome": "6881000", "interestIncome": "6886000", "interestExpense": "4000", "nonInterestIncome": "None", "otherNonOperatingIncome": "None", "depreciation": "None", "depreciationAndAmortization": "815000", "incomeBeforeTax": "-11445000", "incomeTaxExpense": "262000", "interestAndDebtExpense": "None", "netIncomeFromContinuingOperations": "-11707000", "comprehensiveIncomeNetOfTax": "None", "ebit": "-11441000", "ebitda": "-10626000", "netIncome": "-11707000"}, {"fiscalDateEnding": "2023-09-30", "reportedCurrency": "USD", "grossProfit": "43376000", "totalRevenue": "43376000", "costOfRevenue": "800000", "costofGoodsAndServicesSold": "800000", "operatingIncome": "-19314000", "sellingGeneralAndAdministrative": "13377000", "researchAndDevelopment": "51077000", "operatingExpenses": "62690000", "investmentIncomeNet": "None", "netInterestIncome": "3981000", "interestIncome": "4001000", "interestExpense": "20000", "nonInterestIncome": "None", "otherNonOperatingIncome": "None", "depreciation": "None", "depreciationAndAmortization": "827000", "incomeBeforeTax": "-15329000", "incomeTaxExpense": "893000", "interestAndDebtExpense": "None", "netIncomeFromContinuingOperations": "-16222000", "comprehensiveIncomeNetOfTax": "None", "ebit": "-19314000", "ebitda": "-18487000", "netIncome": "-16222000"}, {"fiscalDateEnding": "2023-06-30", "reportedCurrency": "USD", "grossProfit": "6778000", "totalRevenue": "10519000", "costOfRevenue": "3741000", "costofGoodsAndServicesSold": "3741000", "operatingIncome": "-55374000", "sellingGeneralAndAdministrative": "13225000", "researchAndDevelopment": "52668000", "operatingExpenses": "62152000", "investmentIncomeNet": "None", "netInterestIncome": "3252000", "interestIncome": "3252000", "interestExpense": "0", "nonInterestIncome": "None", "otherNonOperatingIncome": "None", "depreciation": "None", "depreciationAndAmortization": "737000", "incomeBeforeTax": "-51973000", "incomeTaxExpense": "577000", "interestAndDebtExpense": "None", "netIncomeFromContinuingOperations": "-52550000", "comprehensiveIncomeNetOfTax": "None", "ebit": "-55374000", "ebitda": "-54637000", "netIncome": "-52550000"}, {"fiscalDateEnding": "2023-03-31", "reportedCurrency": "USD", "grossProfit": "28517000", "totalRevenue": "80285000", "costOfRevenue": "51768000", "costofGoodsAndServicesSold": "51768000", "operatingIncome": "14755000", "sellingGeneralAndAdministrative": "13762000", "researchAndDevelopment": "51768000", "operatingExpenses": "13762000", "investmentIncomeNet": "None", "netInterestIncome": "2477000", "interestIncome": "3220000", "interestExpense": "743000", "nonInterestIncome": "None", "otherNonOperatingIncome": "36102000", "depreciation": "None", "depreciationAndAmortization": "578000", "incomeBeforeTax": "50857000", "incomeTaxExpense": "103000", "interestAndDebtExpense": "None", "netIncomeFromContinuingOperations": "50754000", "comprehensiveIncomeNetOfTax": "None", "ebit": "14755000", "ebitda": "15333000", "netIncome": "50754000"}, {"fiscalDateEnding": "2022-12-31", "reportedCurrency": "USD", "grossProfit": "133312000", "totalRevenue": "160293000", "costOfRevenue": "26981000", "costofGoodsAndServicesSold": "26981000", "operatingIncome": "121452000", "sellingGeneralAndAdministrative": "11860000", "researchAndDevelopment": "26981000", "operatingExpenses": "11860000", "investmentIncomeNet": "None", "netInterestIncome": "1025000", "interestIncome": "1815000", "interestExpense": "790000", "nonInterestIncome": "None", "otherNonOperatingIncome": "None", "depreciation": "None", "depreciationAndAmortization": "551000", "incomeBeforeTax": "118642000", "incomeTaxExpense": "1295000", "interestAndDebtExpense": "None", "netIncomeFromContinuingOperations": "117347000", "comprehensiveIncomeNetOfTax": "None", "ebit": "121452000", "ebitda": "122003000", "netIncome": "117347000"}, {"fiscalDateEnding": "2022-09-30", "reportedCurrency": "USD", "grossProfit": "-24319000", "totalRevenue": "13369000", "costOfRevenue": "37688000", "costofGoodsAndServicesSold": "37688000", "operatingIncome": "-36807000", "sellingGeneralAndAdministrative": "12488000", "researchAndDevelopment": "37688000", "operatingExpenses": "12488000", "investmentIncomeNet": "None", "netInterestIncome": "-321000", "interestIncome": "444000", "interestExpense": "765000", "nonInterestIncome": "None", "otherNonOperatingIncome": "1541000", "depreciation": "None", "depreciationAndAmortization": "417000", "incomeBeforeTax": "-35266000", "incomeTaxExpense": "-765000", "interestAndDebtExpense": "None", "netIncomeFromContinuingOperations": "-35266000", "comprehensiveIncomeNetOfTax": "None", "ebit": "-36807000", "ebitda": "-36390000", "netIncome": "-35266000"}, {"fiscalDateEnding": "2022-06-30", "reportedCurrency": "USD", "grossProfit": "-11096000", "totalRevenue": "27093000", "costOfRevenue": "38189000", "costofGoodsAndServicesSold": "38189000", "operatingIncome": "-22089000", "sellingGeneralAndAdministrative": "10993000", "researchAndDevelopment": "38189000", "operatingExpenses": "10993000", "investmentIncomeNet": "None", "netInterestIncome": "-560000", "interestIncome": "168000", "interestExpense": "728000", "nonInterestIncome": "None", "otherNonOperatingIncome": "526000", "depreciation": "None", "depreciationAndAmortization": "335000", "incomeBeforeTax": "-21563000", "incomeTaxExpense": "597000", "interestAndDebtExpense": "None", "netIncomeFromContinuingOperations": "-21563000", "comprehensiveIncomeNetOfTax": "None", "ebit": "-22089000", "ebitda": "-21754000", "netIncome": "-21563000"}, {"fiscalDateEnding": "2022-03-31", "reportedCurrency": "USD", "grossProfit": "-39649000", "totalRevenue": "5244000", "costOfRevenue": "44893000", "costofGoodsAndServicesSold": "44893000", "operatingIncome": "-50379000", "sellingGeneralAndAdministrative": "10730000", "researchAndDevelopment": "44893000", "operatingExpenses": "10730000", "investmentIncomeNet": "None", "netInterestIncome": "-564000", "interestIncome": "154000", "interestExpense": "718000", "nonInterestIncome": "None", "otherNonOperatingIncome": "-790000", "depreciation": "None", "depreciationAndAmortization": "224000", "incomeBeforeTax": "-51169000", "incomeTaxExpense": "790000", "interestAndDebtExpense": "None", "netIncomeFromContinuingOperations": "-51169000", "comprehensiveIncomeNetOfTax": "None", "ebit": "-50379000", "ebitda": "-50155000", "netIncome": "-51169000"}, {"fiscalDateEnding": "2021-12-31", "reportedCurrency": "USD", "grossProfit": "-24939000", "totalRevenue": "5794000", "costOfRevenue": "30733000", "costofGoodsAndServicesSold": "30733000", "operatingIncome": "-37645000", "sellingGeneralAndAdministrative": "10806000", "researchAndDevelopment": "32633000", "operatingExpenses": "12706000", "investmentIncomeNet": "None", "netInterestIncome": "-524000", "interestIncome": "184000", "interestExpense": "708000", "nonInterestIncome": "None", "otherNonOperatingIncome": "-1018000", "depreciation": "None", "depreciationAndAmortization": "310000", "incomeBeforeTax": "-38663000", "incomeTaxExpense": "59000", "interestAndDebtExpense": "None", "netIncomeFromContinuingOperations": "-38663000", "comprehensiveIncomeNetOfTax": "None", "ebit": "-37645000", "ebitda": "-37335000", "netIncome": "-38663000"}, {"fiscalDateEnding": "2021-09-30", "reportedCurrency": "USD", "grossProfit": "-42961000", "totalRevenue": "2437000", "costOfRevenue": "45398000", "costofGoodsAndServicesSold": "45398000", "operatingIncome": "-53821000", "sellingGeneralAndAdministrative": "10860000", "researchAndDevelopment": "45398000", "operatingExpenses": "10860000", "investmentIncomeNet": "None", "netInterestIncome": "-519000", "interestIncome": "192000", "interestExpense": "711000", "nonInterestIncome": "None", "otherNonOperatingIncome": "-263000", "depreciation": "None", "depreciationAndAmortization": "289000", "incomeBeforeTax": "-54084000", "incomeTaxExpense": "-20000", "interestAndDebtExpense": "None", "netIncomeFromContinuingOperations": "-54084000", "comprehensiveIncomeNetOfTax": "None", "ebit": "-53821000", "ebitda": "-53532000", "netIncome": "-54084000"}, {"fiscalDateEnding": "2021-06-30", "reportedCurrency": "USD", "grossProfit": "-43678000", "totalRevenue": "2001000", "costOfRevenue": "45679000", "costofGoodsAndServicesSold": "45679000", "operatingIncome": "-53720000", "sellingGeneralAndAdministrative": "10042000", "researchAndDevelopment": "45679000", "operatingExpenses": "10042000", "investmentIncomeNet": "None", "netInterestIncome": "-520000", "interestIncome": "190000", "interestExpense": "710000", "nonInterestIncome": "None", "otherNonOperatingIncome": "-861000", "depreciation": "None", "depreciationAndAmortization": "287000", "incomeBeforeTax": "-54581000", "incomeTaxExpense": "-95000", "interestAndDebtExpense": "None", "netIncomeFromContinuingOperations": "-54581000", "comprehensiveIncomeNetOfTax": "None", "ebit": "-53720000", "ebitda": "-53433000", "netIncome": "-54581000"}, {"fiscalDateEnding": "2021-03-31", "reportedCurrency": "USD", "grossProfit": "-47923000", "totalRevenue": "2127000", "costOfRevenue": "50050000", "costofGoodsAndServicesSold": "50050000", "operatingIncome": "-57666000", "sellingGeneralAndAdministrative": "9743000", "researchAndDevelopment": "50050000", "operatingExpenses": "9743000", "investmentIncomeNet": "None", "netInterestIncome": "-358000", "interestIncome": "188000", "interestExpense": "546000", "nonInterestIncome": "None", "otherNonOperatingIncome": "1320000", "depreciation": "None", "depreciationAndAmortization": "307000", "incomeBeforeTax": "-56346000", "incomeTaxExpense": "1794000", "interestAndDebtExpense": "None", "netIncomeFromContinuingOperations": "-56346000", "comprehensiveIncomeNetOfTax": "None", "ebit": "-57666000", "ebitda": "-57359000", "netIncome": "-56346000"}, {"fiscalDateEnding": "2020-12-31", "reportedCurrency": "USD", "grossProfit": "-20148000", "totalRevenue": "2238000", "costOfRevenue": "22386000", "costofGoodsAndServicesSold": "22386000", "operatingIncome": "-31082000", "sellingGeneralAndAdministrative": "9034000", "researchAndDevelopment": "24286000", "operatingExpenses": "10934000", "investmentIncomeNet": "None", "netInterestIncome": "-22000", "interestIncome": "169000", "interestExpense": "191000", "nonInterestIncome": "None", "otherNonOperatingIncome": "-22000", "depreciation": "None", "depreciationAndAmortization": "269000", "incomeBeforeTax": "-31104000", "incomeTaxExpense": "169000", "interestAndDebtExpense": "None", "netIncomeFromContinuingOperations": "-31104000", "comprehensiveIncomeNetOfTax": "None", "ebit": "-31082000", "ebitda": "-30813000", "netIncome": "-31104000"}, {"fiscalDateEnding": "2020-09-30", "reportedCurrency": "USD", "grossProfit": "2333000", "totalRevenue": "2333000", "costOfRevenue": "17699000", "costofGoodsAndServicesSold": "17699000", "operatingIncome": "-20938000", "sellingGeneralAndAdministrative": "5572000", "researchAndDevelopment": "17699000", "operatingExpenses": "23271000", "investmentIncomeNet": "None", "netInterestIncome": "-66000", "interestIncome": "124000", "interestExpense": "190000", "nonInterestIncome": "None", "otherNonOperatingIncome": "-66000", "depreciation": "None", "depreciationAndAmortization": "219000", "incomeBeforeTax": "-21004000", "incomeTaxExpense": "-219000", "interestAndDebtExpense": "None", "netIncomeFromContinuingOperations": "-21004000", "comprehensiveIncomeNetOfTax": "None", "ebit": "-20814000", "ebitda": "-20595000", "netIncome": "-21004000"}, {"fiscalDateEnding": "2020-06-30", "reportedCurrency": "USD", "grossProfit": "2322000", "totalRevenue": "2322000", "costOfRevenue": "7944000", "costofGoodsAndServicesSold": "7944000", "operatingIncome": "-10042000", "sellingGeneralAndAdministrative": "4420000", "researchAndDevelopment": "7944000", "operatingExpenses": "12364000", "investmentIncomeNet": "None", "netInterestIncome": "-121000", "interestIncome": "74000", "interestExpense": "195000", "nonInterestIncome": "None", "otherNonOperatingIncome": "-221000", "depreciation": "None", "depreciationAndAmortization": "212000", "incomeBeforeTax": "-10263000", "incomeTaxExpense": "95000", "interestAndDebtExpense": "None", "netIncomeFromContinuingOperations": "-10263000", "comprehensiveIncomeNetOfTax": "None", "ebit": "-10068000", "ebitda": "-9856000", "netIncome": "-10263000"}, {"fiscalDateEnding": "2020-03-31", "reportedCurrency": "USD", "grossProfit": "2646000", "totalRevenue": "2646000", "costOfRevenue": "7917000", "costofGoodsAndServicesSold": "7917000", "operatingIncome": "-9462000", "sellingGeneralAndAdministrative": "4191000", "researchAndDevelopment": "7917000", "operatingExpenses": "12108000", "investmentIncomeNet": "None", "netInterestIncome": "-152000", "interestIncome": "102000", "interestExpense": "254000", "nonInterestIncome": "None", "otherNonOperatingIncome": "-315000", "depreciation": "None", "depreciationAndAmortization": "182000", "incomeBeforeTax": "-9777000", "incomeTaxExpense": "-193000", "interestAndDebtExpense": "None", "netIncomeFromContinuingOperations": "-9777000", "comprehensiveIncomeNetOfTax": "None", "ebit": "-9523000", "ebitda": "-9341000", "netIncome": "-9777000"}, {"fiscalDateEnding": "2019-12-31", "reportedCurrency": "USD", "grossProfit": "-9026000", "totalRevenue": "2968000", "costOfRevenue": "11994000", "costofGoodsAndServicesSold": "11994000", "operatingIncome": "-10817000", "sellingGeneralAndAdministrative": "4191000", "researchAndDevelopment": "11994000", "operatingExpenses": "1791000", "investmentIncomeNet": "None", "netInterestIncome": "-125000", "interestIncome": "115000", "interestExpense": "240000", "nonInterestIncome": "None", "otherNonOperatingIncome": "None", "depreciation": "None", "depreciationAndAmortization": "153000", "incomeBeforeTax": "-10989000", "incomeTaxExpense": "469000", "interestAndDebtExpense": "None", "netIncomeFromContinuingOperations": "-10989000", "comprehensiveIncomeNetOfTax": "None", "ebit": "-13217000", "ebitda": "-13064000", "netIncome": "-10989000"}, {"fiscalDateEnding": "2019-09-30", "reportedCurrency": "USD", "grossProfit": "-3735000", "totalRevenue": "3318000", "costOfRevenue": "7053000", "costofGoodsAndServicesSold": "7053000", "operatingIncome": "-7616000", "sellingGeneralAndAdministrative": "3881000", "researchAndDevelopment": "7053000", "operatingExpenses": "10934000", "investmentIncomeNet": "None", "netInterestIncome": "-120000", "interestIncome": "85000", "interestExpense": "205000", "nonInterestIncome": "None", "otherNonOperatingIncome": "183000", "depreciation": "None", "depreciationAndAmortization": "367000", "incomeBeforeTax": "-7433000", "incomeTaxExpense": "56000", "interestAndDebtExpense": "None", "netIncomeFromContinuingOperations": "-7433000", "comprehensiveIncomeNetOfTax": "None", "ebit": "-7531000", "ebitda": "-7164000", "netIncome": "-7433000"}, {"fiscalDateEnding": "2019-06-30", "reportedCurrency": "USD", "grossProfit": "2884000", "totalRevenue": "10153000", "costOfRevenue": "7269000", "costofGoodsAndServicesSold": "7269000", "operatingIncome": "-572000", "sellingGeneralAndAdministrative": "3456000", "researchAndDevelopment": "7269000", "operatingExpenses": "10725000", "investmentIncomeNet": "None", "netInterestIncome": "-113000", "interestIncome": "93000", "interestExpense": "206000", "nonInterestIncome": "None", "otherNonOperatingIncome": "-113000", "depreciation": "None", "depreciationAndAmortization": "536000", "incomeBeforeTax": "-685000", "incomeTaxExpense": "93000", "interestAndDebtExpense": "None", "netIncomeFromContinuingOperations": "-685000", "comprehensiveIncomeNetOfTax": "None", "ebit": "-479000", "ebitda": "57000", "netIncome": "-685000"}, {"fiscalDateEnding": "2019-03-31", "reportedCurrency": "USD", "grossProfit": "-2974000", "totalRevenue": "4350000", "costOfRevenue": "7324000", "costofGoodsAndServicesSold": "7324000", "operatingIncome": "-6508000", "sellingGeneralAndAdministrative": "3534000", "researchAndDevelopment": "7324000", "operatingExpenses": "10858000", "investmentIncomeNet": "None", "netInterestIncome": "-88000", "interestIncome": "376000", "interestExpense": "203000", "nonInterestIncome": "None", "otherNonOperatingIncome": "None", "depreciation": "None", "depreciationAndAmortization": "172000", "incomeBeforeTax": "-6884000", "incomeTaxExpense": "-85000", "interestAndDebtExpense": "None", "netIncomeFromContinuingOperations": "-6884000", "comprehensiveIncomeNetOfTax": "None", "ebit": "-6681000", "ebitda": "-6509000", "netIncome": "-6884000"}, {"fiscalDateEnding": "2018-12-31", "reportedCurrency": "USD", "grossProfit": "2730000", "totalRevenue": "7577000", "costOfRevenue": "4847000", "costofGoodsAndServicesSold": "4847000", "operatingIncome": "-711000", "sellingGeneralAndAdministrative": "3441000", "researchAndDevelopment": "4847000", "operatingExpenses": "8288000", "investmentIncomeNet": "None", "netInterestIncome": "None", "interestIncome": "None", "interestExpense": "184000", "nonInterestIncome": "None", "otherNonOperatingIncome": "None", "depreciation": "None", "depreciationAndAmortization": "167000", "incomeBeforeTax": "-1011000", "incomeTaxExpense": "304000", "interestAndDebtExpense": "None", "netIncomeFromContinuingOperations": "-1011000", "comprehensiveIncomeNetOfTax": "None", "ebit": "-572000", "ebitda": "-405000", "netIncome": "-1011000"}, {"fiscalDateEnding": "2018-09-30", "reportedCurrency": "USD", "grossProfit": "-546000", "totalRevenue": "3423000", "costOfRevenue": "3969000", "costofGoodsAndServicesSold": "3969000", "operatingIncome": "-4356000", "sellingGeneralAndAdministrative": "3810000", "researchAndDevelopment": "3969000", "operatingExpenses": "7779000", "investmentIncomeNet": "None", "netInterestIncome": "None", "interestIncome": "None", "interestExpense": "150000", "nonInterestIncome": "None", "otherNonOperatingIncome": "None", "depreciation": "None", "depreciationAndAmortization": "159000", "incomeBeforeTax": "-4253000", "incomeTaxExpense": "-197000", "interestAndDebtExpense": "None", "netIncomeFromContinuingOperations": "-4253000", "comprehensiveIncomeNetOfTax": "None", "ebit": "-4356000", "ebitda": "-4197000", "netIncome": "-4253000"}, {"fiscalDateEnding": "2018-06-30", "reportedCurrency": "USD", "grossProfit": "-1839000", "totalRevenue": "2386000", "costOfRevenue": "4225000", "costofGoodsAndServicesSold": "4225000", "operatingIncome": "-10072000", "sellingGeneralAndAdministrative": "8233000", "researchAndDevelopment": "4225000", "operatingExpenses": "12458000", "investmentIncomeNet": "None", "netInterestIncome": "None", "interestIncome": "None", "interestExpense": "122000", "nonInterestIncome": "None", "otherNonOperatingIncome": "None", "depreciation": "None", "depreciationAndAmortization": "145000", "incomeBeforeTax": "-9950000", "incomeTaxExpense": "0", "interestAndDebtExpense": "None", "netIncomeFromContinuingOperations": "-9950000", "comprehensiveIncomeNetOfTax": "None", "ebit": "-10072000", "ebitda": "-9927000", "netIncome": "-9950000"}, {"fiscalDateEnding": "2018-03-31", "reportedCurrency": "USD", "grossProfit": "-1574000", "totalRevenue": "2367000", "costOfRevenue": "3941000", "costofGoodsAndServicesSold": "3941000", "operatingIncome": "-6672000", "sellingGeneralAndAdministrative": "5098000", "researchAndDevelopment": "3941000", "operatingExpenses": "9039000", "investmentIncomeNet": "None", "netInterestIncome": "None", "interestIncome": "None", "interestExpense": "3500", "nonInterestIncome": "None", "otherNonOperatingIncome": "None", "depreciation": "None", "depreciationAndAmortization": "111000", "incomeBeforeTax": "-6571000", "incomeTaxExpense": "101000", "interestAndDebtExpense": "None", "netIncomeFromContinuingOperations": "-8260500", "comprehensiveIncomeNetOfTax": "None", "ebit": "-6571000", "ebitda": "-6460000", "netIncome": "-6571000"}, {"fiscalDateEnding": "2017-12-31", "reportedCurrency": "USD", "grossProfit": "8645000", "totalRevenue": "12998000", "costOfRevenue": "4353000", "costofGoodsAndServicesSold": "4353000", "operatingIncome": "-144000", "sellingGeneralAndAdministrative": "2655000", "researchAndDevelopment": "11356000", "operatingExpenses": "13142000", "investmentIncomeNet": "None", "netInterestIncome": "None", "interestIncome": "None", "interestExpense": "551000", "nonInterestIncome": "None", "otherNonOperatingIncome": "None", "depreciation": "None", "depreciationAndAmortization": "332000", "incomeBeforeTax": "-1186000", "incomeTaxExpense": "-50000", "interestAndDebtExpense": "None", "netIncomeFromContinuingOperations": "-7725000", "comprehensiveIncomeNetOfTax": "None", "ebit": "-376000", "ebitda": "-44000", "netIncome": "-1136000"}, {"fiscalDateEnding": "2017-09-30", "reportedCurrency": "USD", "grossProfit": "-267000", "totalRevenue": "3296000", "costOfRevenue": "3563000", "costofGoodsAndServicesSold": "3563000", "operatingIncome": "-2892000", "sellingGeneralAndAdministrative": "1646000", "researchAndDevelopment": "1059000", "operatingExpenses": "2892000", "investmentIncomeNet": "None", "netInterestIncome": "None", "interestIncome": "None", "interestExpense": "64000", "nonInterestIncome": "None", "otherNonOperatingIncome": "None", "depreciation": "None", "depreciationAndAmortization": "41000", "incomeBeforeTax": "-2528000", "incomeTaxExpense": "27000", "interestAndDebtExpense": "None", "netIncomeFromContinuingOperations": "-5745500", "comprehensiveIncomeNetOfTax": "None", "ebit": "-2396000", "ebitda": "-2355000", "netIncome": "-2555000"}, {"fiscalDateEnding": "2017-06-30", "reportedCurrency": "USD", "grossProfit": "-8000", "totalRevenue": "3761000", "costOfRevenue": "3769000", "costofGoodsAndServicesSold": "3769000", "operatingIncome": "-3823000", "sellingGeneralAndAdministrative": "2091000", "researchAndDevelopment": "1443000", "operatingExpenses": "3823000", "investmentIncomeNet": "None", "netInterestIncome": "None", "interestIncome": "None", "interestExpense": "33000", "nonInterestIncome": "None", "otherNonOperatingIncome": "None", "depreciation": "None", "depreciationAndAmortization": "15000", "incomeBeforeTax": "-3679000", "incomeTaxExpense": "12000", "interestAndDebtExpense": "None", "netIncomeFromContinuingOperations": "3791000", "comprehensiveIncomeNetOfTax": "None", "ebit": "-981500", "ebitda": "-966500", "netIncome": "-3691000"}, {"fiscalDateEnding": "2017-03-31", "reportedCurrency": "USD", "grossProfit": "-160000", "totalRevenue": "3841000", "costOfRevenue": "4001000", "costofGoodsAndServicesSold": "4001000", "operatingIncome": "-3633000", "sellingGeneralAndAdministrative": "1180000", "researchAndDevelopment": "2060000", "operatingExpenses": "3633000", "investmentIncomeNet": "None", "netInterestIncome": "None", "interestIncome": "None", "interestExpense": "125000", "nonInterestIncome": "None", "otherNonOperatingIncome": "None", "depreciation": "None", "depreciationAndAmortization": "22000", "incomeBeforeTax": "-3508000", "incomeTaxExpense": "12000", "interestAndDebtExpense": "None", "netIncomeFromContinuingOperations": "-1222500", "comprehensiveIncomeNetOfTax": "None", "ebit": "-3383000", "ebitda": "-3361000", "netIncome": "-3520000"}, {"fiscalDateEnding": "2016-12-31", "reportedCurrency": "USD", "grossProfit": "2448000", "totalRevenue": "20382000", "costOfRevenue": "21088000", "costofGoodsAndServicesSold": "21088000", "operatingIncome": "-6093000", "sellingGeneralAndAdministrative": "1286000", "researchAndDevelopment": "4447000", "operatingExpenses": "6093000", "investmentIncomeNet": "None", "netInterestIncome": "None", "interestIncome": "None", "interestExpense": "603000", "nonInterestIncome": "None", "otherNonOperatingIncome": "None", "depreciation": "None", "depreciationAndAmortization": "14000", "incomeBeforeTax": "-5917000", "incomeTaxExpense": "10000", "interestAndDebtExpense": "None", "netIncomeFromContinuingOperations": "-1571000", "comprehensiveIncomeNetOfTax": "None", "ebit": "-5917000", "ebitda": "-5903000", "netIncome": "-5927000"}, {"fiscalDateEnding": "2016-09-30", "reportedCurrency": "USD", "grossProfit": "None", "totalRevenue": "None", "costOfRevenue": "None", "costofGoodsAndServicesSold": "None", "operatingIncome": "-7924000", "sellingGeneralAndAdministrative": "1211000", "researchAndDevelopment": "6400000", "operatingExpenses": "7924000", "investmentIncomeNet": "None", "netInterestIncome": "None", "interestIncome": "None", "interestExpense": "137000", "nonInterestIncome": "None", "otherNonOperatingIncome": "None", "depreciation": "None", "depreciationAndAmortization": "14000", "incomeBeforeTax": "-7787000", "incomeTaxExpense": "15000", "interestAndDebtExpense": "None", "netIncomeFromContinuingOperations": "None", "comprehensiveIncomeNetOfTax": "None", "ebit": "-7924000", "ebitda": "-7910000", "netIncome": "-7802000"}, {"fiscalDateEnding": "2016-06-30", "reportedCurrency": "USD", "grossProfit": "None", "totalRevenue": "None", "costOfRevenue": "None", "costofGoodsAndServicesSold": "None", "operatingIncome": "-5918000", "sellingGeneralAndAdministrative": "1402000", "researchAndDevelopment": "4182000", "operatingExpenses": "5918000", "investmentIncomeNet": "None", "netInterestIncome": "None", "interestIncome": "None", "interestExpense": "152000", "nonInterestIncome": "None", "otherNonOperatingIncome": "None", "depreciation": "None", "depreciationAndAmortization": "18000", "incomeBeforeTax": "-5766000", "incomeTaxExpense": "22000", "interestAndDebtExpense": "None", "netIncomeFromContinuingOperations": "None", "comprehensiveIncomeNetOfTax": "None", "ebit": "-5918000", "ebitda": "-5900000", "netIncome": "-5788000"}, {"fiscalDateEnding": "2016-03-31", "reportedCurrency": "USD", "grossProfit": "None", "totalRevenue": "None", "costOfRevenue": "None", "costofGoodsAndServicesSold": "None", "operatingIncome": "-5232000", "sellingGeneralAndAdministrative": "1458000", "researchAndDevelopment": "3362000", "operatingExpenses": "5232000", "investmentIncomeNet": "None", "netInterestIncome": "None", "interestIncome": "None", "interestExpense": "172000", "nonInterestIncome": "None", "otherNonOperatingIncome": "None", "depreciation": "None", "depreciationAndAmortization": "15000", "incomeBeforeTax": "-5060000", "incomeTaxExpense": "26000", "interestAndDebtExpense": "None", "netIncomeFromContinuingOperations": "None", "comprehensiveIncomeNetOfTax": "None", "ebit": "-5232000", "ebitda": "-5217000", "netIncome": "-5086000"}, {"fiscalDateEnding": "2015-12-31", "reportedCurrency": "USD", "grossProfit": "None", "totalRevenue": "None", "costOfRevenue": "None", "costofGoodsAndServicesSold": "None", "operatingIncome": "-4974000", "sellingGeneralAndAdministrative": "1325000", "researchAndDevelopment": "3335000", "operatingExpenses": "4974000", "investmentIncomeNet": "None", "netInterestIncome": "None", "interestIncome": "None", "interestExpense": "227000", "nonInterestIncome": "None", "otherNonOperatingIncome": "None", "depreciation": "None", "depreciationAndAmortization": "12000", "incomeBeforeTax": "-4870000", "incomeTaxExpense": "17000", "interestAndDebtExpense": "None", "netIncomeFromContinuingOperations": "None", "comprehensiveIncomeNetOfTax": "None", "ebit": "-4974000", "ebitda": "-4962000", "netIncome": "-4887000"}, {"fiscalDateEnding": "2015-09-30", "reportedCurrency": "USD", "grossProfit": "None", "totalRevenue": "None", "costOfRevenue": "None", "costofGoodsAndServicesSold": "None", "operatingIncome": "-4323000", "sellingGeneralAndAdministrative": "1176000", "researchAndDevelopment": "2853000", "operatingExpenses": "4323000", "investmentIncomeNet": "None", "netInterestIncome": "None", "interestIncome": "None", "interestExpense": "68000", "nonInterestIncome": "None", "otherNonOperatingIncome": "None", "depreciation": "None", "depreciationAndAmortization": "16000", "incomeBeforeTax": "-4255000", "incomeTaxExpense": "7000", "interestAndDebtExpense": "None", "netIncomeFromContinuingOperations": "None", "comprehensiveIncomeNetOfTax": "None", "ebit": "-4323000", "ebitda": "-4307000", "netIncome": "-4262000"}, {"fiscalDateEnding": "2015-06-30", "reportedCurrency": "USD", "grossProfit": "None", "totalRevenue": "None", "costOfRevenue": "None", "costofGoodsAndServicesSold": "None", "operatingIncome": "-5173000", "sellingGeneralAndAdministrative": "1202000", "researchAndDevelopment": "3683000", "operatingExpenses": "5173000", "investmentIncomeNet": "None", "netInterestIncome": "None", "interestIncome": "None", "interestExpense": "64000", "nonInterestIncome": "None", "otherNonOperatingIncome": "None", "depreciation": "None", "depreciationAndAmortization": "11000", "incomeBeforeTax": "-5109000", "incomeTaxExpense": "14000", "interestAndDebtExpense": "None", "netIncomeFromContinuingOperations": "None", "comprehensiveIncomeNetOfTax": "None", "ebit": "-5173000", "ebitda": "-5162000", "netIncome": "-5123000"}, {"fiscalDateEnding": "2015-03-31", "reportedCurrency": "USD", "grossProfit": "None", "totalRevenue": "None", "costOfRevenue": "None", "costofGoodsAndServicesSold": "None", "operatingIncome": "-5228000", "sellingGeneralAndAdministrative": "1289000", "researchAndDevelopment": "3590000", "operatingExpenses": "5228000", "investmentIncomeNet": "None", "netInterestIncome": "None", "interestIncome": "None", "interestExpense": "64000", "nonInterestIncome": "None", "otherNonOperatingIncome": "None", "depreciation": "None", "depreciationAndAmortization": "10000", "incomeBeforeTax": "-5164000", "incomeTaxExpense": "13000", "interestAndDebtExpense": "None", "netIncomeFromContinuingOperations": "None", "comprehensiveIncomeNetOfTax": "None", "ebit": "-5228000", "ebitda": "-5218000", "netIncome": "-5177000"}, {"fiscalDateEnding": "2014-12-31", "reportedCurrency": "USD", "grossProfit": "None", "totalRevenue": "None", "costOfRevenue": "None", "costofGoodsAndServicesSold": "None", "operatingIncome": "-6827000", "sellingGeneralAndAdministrative": "1436000", "researchAndDevelopment": "4908000", "operatingExpenses": "6827000", "investmentIncomeNet": "None", "netInterestIncome": "None", "interestIncome": "None", "interestExpense": "196000", "nonInterestIncome": "None", "otherNonOperatingIncome": "None", "depreciation": "None", "depreciationAndAmortization": "9000", "incomeBeforeTax": "-6794000", "incomeTaxExpense": "8000", "interestAndDebtExpense": "None", "netIncomeFromContinuingOperations": "None", "comprehensiveIncomeNetOfTax": "None", "ebit": "-6598000", "ebitda": "-6589000", "netIncome": "-6802000"}, {"fiscalDateEnding": "2014-09-30", "reportedCurrency": "USD", "grossProfit": "None", "totalRevenue": "None", "costOfRevenue": "None", "costofGoodsAndServicesSold": "None", "operatingIncome": "-10585000", "sellingGeneralAndAdministrative": "1266000", "researchAndDevelopment": "8757000", "operatingExpenses": "10585000", "investmentIncomeNet": "None", "netInterestIncome": "None", "interestIncome": "None", "interestExpense": "59000", "nonInterestIncome": "None", "otherNonOperatingIncome": "None", "depreciation": "None", "depreciationAndAmortization": "8000", "incomeBeforeTax": "-10526000", "incomeTaxExpense": "-40000", "interestAndDebtExpense": "None", "netIncomeFromContinuingOperations": "None", "comprehensiveIncomeNetOfTax": "None", "ebit": "-10585000", "ebitda": "-10577000", "netIncome": "-10486000"}, {"fiscalDateEnding": "2014-06-30", "reportedCurrency": "USD", "grossProfit": "None", "totalRevenue": "None", "costOfRevenue": "None", "costofGoodsAndServicesSold": "None", "operatingIncome": "-7831000", "sellingGeneralAndAdministrative": "1348000", "researchAndDevelopment": "5918000", "operatingExpenses": "7831000", "investmentIncomeNet": "None", "netInterestIncome": "None", "interestIncome": "None", "interestExpense": "57000", "nonInterestIncome": "None", "otherNonOperatingIncome": "None", "depreciation": "None", "depreciationAndAmortization": "8000", "incomeBeforeTax": "-7774000", "incomeTaxExpense": "6000", "interestAndDebtExpense": "None", "netIncomeFromContinuingOperations": "None", "comprehensiveIncomeNetOfTax": "None", "ebit": "-7831000", "ebitda": "-7823000", "netIncome": "-7780000"}, {"fiscalDateEnding": "2014-03-31", "reportedCurrency": "USD", "grossProfit": "None", "totalRevenue": "None", "costOfRevenue": "None", "costofGoodsAndServicesSold": "None", "operatingIncome": "-7835000", "sellingGeneralAndAdministrative": "1789000", "researchAndDevelopment": "5522000", "operatingExpenses": "7835000", "investmentIncomeNet": "None", "netInterestIncome": "None", "interestIncome": "None", "interestExpense": "78000", "nonInterestIncome": "None", "otherNonOperatingIncome": "None", "depreciation": "None", "depreciationAndAmortization": "6000", "incomeBeforeTax": "-7757000", "incomeTaxExpense": "9000", "interestAndDebtExpense": "None", "netIncomeFromContinuingOperations": "None", "comprehensiveIncomeNetOfTax": "None", "ebit": "-7835000", "ebitda": "-7829000", "netIncome": "-7766000"}, {"fiscalDateEnding": "2013-12-31", "reportedCurrency": "USD", "grossProfit": "None", "totalRevenue": "None", "costOfRevenue": "None", "costofGoodsAndServicesSold": "None", "operatingIncome": "-5643000", "sellingGeneralAndAdministrative": "1040000", "researchAndDevelopment": "4603000", "operatingExpenses": "5643000", "investmentIncomeNet": "None", "netInterestIncome": "None", "interestIncome": "None", "interestExpense": "12000", "nonInterestIncome": "None", "otherNonOperatingIncome": "None", "depreciation": "None", "depreciationAndAmortization": "3000", "incomeBeforeTax": "-5643000", "incomeTaxExpense": "61000", "interestAndDebtExpense": "None", "netIncomeFromContinuingOperations": "None", "comprehensiveIncomeNetOfTax": "None", "ebit": "-5643000", "ebitda": "-5640000", "netIncome": "-5704000"}, {"fiscalDateEnding": "2013-09-30", "reportedCurrency": "USD", "grossProfit": "None", "totalRevenue": "None", "costOfRevenue": "None", "costofGoodsAndServicesSold": "None", "operatingIncome": "-3136000", "sellingGeneralAndAdministrative": "1069000", "researchAndDevelopment": "2067000", "operatingExpenses": "3136000", "investmentIncomeNet": "None", "netInterestIncome": "None", "interestIncome": "None", "interestExpense": "8000", "nonInterestIncome": "None", "otherNonOperatingIncome": "None", "depreciation": "None", "depreciationAndAmortization": "1000", "incomeBeforeTax": "-3128000", "incomeTaxExpense": "None", "interestAndDebtExpense": "None", "netIncomeFromContinuingOperations": "None", "comprehensiveIncomeNetOfTax": "None", "ebit": "-3136000", "ebitda": "-3135000", "netIncome": "-3128000"}, {"fiscalDateEnding": "2013-06-30", "reportedCurrency": "USD", "grossProfit": "None", "totalRevenue": "None", "costOfRevenue": "None", "costofGoodsAndServicesSold": "None", "operatingIncome": "-1196000", "sellingGeneralAndAdministrative": "875000", "researchAndDevelopment": "321000", "operatingExpenses": "1196000", "investmentIncomeNet": "None", "netInterestIncome": "None", "interestIncome": "None", "interestExpense": "143000", "nonInterestIncome": "None", "otherNonOperatingIncome": "None", "depreciation": "None", "depreciationAndAmortization": "2000", "incomeBeforeTax": "-1339000", "incomeTaxExpense": "None", "interestAndDebtExpense": "None", "netIncomeFromContinuingOperations": "None", "comprehensiveIncomeNetOfTax": "None", "ebit": "-1196000", "ebitda": "-1194000", "netIncome": "-1339000"}, {"fiscalDateEnding": "2013-03-31", "reportedCurrency": "USD", "grossProfit": "None", "totalRevenue": "None", "costOfRevenue": "None", "costofGoodsAndServicesSold": "None", "operatingIncome": "-314000", "sellingGeneralAndAdministrative": "239000", "researchAndDevelopment": "75000", "operatingExpenses": "314000", "investmentIncomeNet": "None", "netInterestIncome": "None", "interestIncome": "None", "interestExpense": "63000", "nonInterestIncome": "None", "otherNonOperatingIncome": "None", "depreciation": "None", "depreciationAndAmortization": "1000", "incomeBeforeTax": "-377000", "incomeTaxExpense": "None", "interestAndDebtExpense": "None", "netIncomeFromContinuingOperations": "None", "comprehensiveIncomeNetOfTax": "None", "ebit": "-314000", "ebitda": "-313000", "netIncome": "-377000"}, {"fiscalDateEnding": "2012-12-31", "reportedCurrency": "USD", "grossProfit": "None", "totalRevenue": "None", "costOfRevenue": "None", "costofGoodsAndServicesSold": "None", "operatingIncome": "-249000", "sellingGeneralAndAdministrative": "182000", "researchAndDevelopment": "67000", "operatingExpenses": "249000", "investmentIncomeNet": "None", "netInterestIncome": "None", "interestIncome": "None", "interestExpense": "48000", "nonInterestIncome": "None", "otherNonOperatingIncome": "None", "depreciation": "None", "depreciationAndAmortization": "1000", "incomeBeforeTax": "-295000", "incomeTaxExpense": "33000", "interestAndDebtExpense": "None", "netIncomeFromContinuingOperations": "None", "comprehensiveIncomeNetOfTax": "None", "ebit": "-247000", "ebitda": "-246000", "netIncome": "-295000"}, {"fiscalDateEnding": "2012-09-30", "reportedCurrency": "USD", "grossProfit": "None", "totalRevenue": "None", "costOfRevenue": "None", "costofGoodsAndServicesSold": "None", "operatingIncome": "-264000", "sellingGeneralAndAdministrative": "145000", "researchAndDevelopment": "119000", "operatingExpenses": "264000", "investmentIncomeNet": "None", "netInterestIncome": "None", "interestIncome": "None", "interestExpense": "19000", "nonInterestIncome": "None", "otherNonOperatingIncome": "None", "depreciation": "None", "depreciationAndAmortization": "2000", "incomeBeforeTax": "-283000", "incomeTaxExpense": "None", "interestAndDebtExpense": "None", "netIncomeFromContinuingOperations": "None", "comprehensiveIncomeNetOfTax": "None", "ebit": "-264000", "ebitda": "-262000", "netIncome": "-283000"}, {"fiscalDateEnding": "2012-06-30", "reportedCurrency": "USD", "grossProfit": "None", "totalRevenue": "None", "costOfRevenue": "None", "costofGoodsAndServicesSold": "None", "operatingIncome": "-429000", "sellingGeneralAndAdministrative": "198000", "researchAndDevelopment": "231000", "operatingExpenses": "429000", "investmentIncomeNet": "None", "netInterestIncome": "None", "interestIncome": "None", "interestExpense": "11000", "nonInterestIncome": "None", "otherNonOperatingIncome": "None", "depreciation": "None", "depreciationAndAmortization": "2000", "incomeBeforeTax": "-440000", "incomeTaxExpense": "None", "interestAndDebtExpense": "None", "netIncomeFromContinuingOperations": "None", "comprehensiveIncomeNetOfTax": "None", "ebit": "-429000", "ebitda": "-427000", "netIncome": "-440000"}]}