{"symbol": "ALXO", "annualReports": [{"fiscalDateEnding": "2024-12-31", "reportedCurrency": "USD", "grossProfit": "-872000", "totalRevenue": "0", "costOfRevenue": "872000", "costofGoodsAndServicesSold": "872000", "operatingIncome": "-142467000", "sellingGeneralAndAdministrative": "26094000", "researchAndDevelopment": "116373000", "operatingExpenses": "142467000", "investmentIncomeNet": "None", "netInterestIncome": "7637000", "interestIncome": "9366000", "interestExpense": "1729000", "nonInterestIncome": "None", "otherNonOperatingIncome": "None", "depreciation": "None", "depreciationAndAmortization": "872000", "incomeBeforeTax": "-134850000", "incomeTaxExpense": "None", "interestAndDebtExpense": "None", "netIncomeFromContinuingOperations": "-134850000", "comprehensiveIncomeNetOfTax": "None", "ebit": "-133121000", "ebitda": "-132249000", "netIncome": "-134850000"}, {"fiscalDateEnding": "2023-12-31", "reportedCurrency": "USD", "grossProfit": "-836000", "totalRevenue": "0", "costOfRevenue": "836000", "costofGoodsAndServicesSold": "836000", "operatingIncome": "-170278000", "sellingGeneralAndAdministrative": "28483000", "researchAndDevelopment": "141795000", "operatingExpenses": "170278000", "investmentIncomeNet": "None", "netInterestIncome": "9084000", "interestIncome": "10649000", "interestExpense": "1565000", "nonInterestIncome": "None", "otherNonOperatingIncome": "None", "depreciation": "None", "depreciationAndAmortization": "836000", "incomeBeforeTax": "-160805000", "incomeTaxExpense": "None", "interestAndDebtExpense": "None", "netIncomeFromContinuingOperations": "-160805000", "comprehensiveIncomeNetOfTax": "None", "ebit": "-159240000", "ebitda": "-158404000", "netIncome": "-160805000"}, {"fiscalDateEnding": "2022-12-31", "reportedCurrency": "USD", "grossProfit": "-1466000", "totalRevenue": "0", "costOfRevenue": "1466000", "costofGoodsAndServicesSold": "1466000", "operatingIncome": "-127436000", "sellingGeneralAndAdministrative": "29036000", "researchAndDevelopment": "98400000", "operatingExpenses": "127436000", "investmentIncomeNet": "None", "netInterestIncome": "4278000", "interestIncome": "4278000", "interestExpense": "4360000", "nonInterestIncome": "None", "otherNonOperatingIncome": "-260000", "depreciation": "None", "depreciationAndAmortization": "342000", "incomeBeforeTax": "-123418000", "incomeTaxExpense": "64000", "interestAndDebtExpense": "None", "netIncomeFromContinuingOperations": "-123482000", "comprehensiveIncomeNetOfTax": "None", "ebit": "-127436000", "ebitda": "-127094000", "netIncome": "-123482000"}, {"fiscalDateEnding": "2021-12-31", "reportedCurrency": "USD", "grossProfit": "-736000", "totalRevenue": "0", "costOfRevenue": "736000", "costofGoodsAndServicesSold": "736000", "operatingIncome": "-83555000", "sellingGeneralAndAdministrative": "23385000", "researchAndDevelopment": "60170000", "operatingExpenses": "83555000", "investmentIncomeNet": "None", "netInterestIncome": "-13000", "interestIncome": "91000", "interestExpense": "13000", "nonInterestIncome": "None", "otherNonOperatingIncome": "84000", "depreciation": "None", "depreciationAndAmortization": "51000", "incomeBeforeTax": "-83484000", "incomeTaxExpense": "-21000", "interestAndDebtExpense": "None", "netIncomeFromContinuingOperations": "-83463000", "comprehensiveIncomeNetOfTax": "None", "ebit": "-83471000", "ebitda": "-83420000", "netIncome": "-83463000"}, {"fiscalDateEnding": "2020-12-31", "reportedCurrency": "USD", "grossProfit": "107000", "totalRevenue": "1182000", "costOfRevenue": "1075000", "costofGoodsAndServicesSold": "1075000", "operatingIncome": "-43663000", "sellingGeneralAndAdministrative": "14809000", "researchAndDevelopment": "28961000", "operatingExpenses": "43770000", "investmentIncomeNet": "None", "netInterestIncome": "-811000", "interestIncome": "124000", "interestExpense": "811000", "nonInterestIncome": "None", "otherNonOperatingIncome": "-1025000", "depreciation": "None", "depreciationAndAmortization": "202000", "incomeBeforeTax": "-45499000", "incomeTaxExpense": "241000", "interestAndDebtExpense": "None", "netIncomeFromContinuingOperations": "-45740000", "comprehensiveIncomeNetOfTax": "None", "ebit": "-43663000", "ebitda": "-43461000", "netIncome": "-45740000"}, {"fiscalDateEnding": "2019-12-31", "reportedCurrency": "USD", "grossProfit": "436000", "totalRevenue": "4796000", "costOfRevenue": "4360000", "costofGoodsAndServicesSold": "4360000", "operatingIncome": "-19183000", "sellingGeneralAndAdministrative": "3313000", "researchAndDevelopment": "16306000", "operatingExpenses": "19619000", "investmentIncomeNet": "None", "netInterestIncome": "-21000", "interestIncome": "21000", "interestExpense": "21000", "nonInterestIncome": "None", "otherNonOperatingIncome": "None", "depreciation": "None", "depreciationAndAmortization": "429000", "incomeBeforeTax": "-19209000", "incomeTaxExpense": "34000", "interestAndDebtExpense": "None", "netIncomeFromContinuingOperations": "-19243000", "comprehensiveIncomeNetOfTax": "None", "ebit": "-19188000", "ebitda": "-18759000", "netIncome": "-19243000"}, {"fiscalDateEnding": "2018-12-31", "reportedCurrency": "USD", "grossProfit": "187000", "totalRevenue": "2067000", "costOfRevenue": "1880000", "costofGoodsAndServicesSold": "1880000", "operatingIncome": "-13684000", "sellingGeneralAndAdministrative": "2601000", "researchAndDevelopment": "11270000", "operatingExpenses": "13871000", "investmentIncomeNet": "None", "netInterestIncome": "0", "interestIncome": "None", "interestExpense": "0", "nonInterestIncome": "None", "otherNonOperatingIncome": "None", "depreciation": "None", "depreciationAndAmortization": "431000", "incomeBeforeTax": "-13686000", "incomeTaxExpense": "45000", "interestAndDebtExpense": "None", "netIncomeFromContinuingOperations": "-13731000", "comprehensiveIncomeNetOfTax": "None", "ebit": "-13686000", "ebitda": "-13255000", "netIncome": "-13731000"}], "quarterlyReports": [{"fiscalDateEnding": "2025-09-30", "reportedCurrency": "USD", "grossProfit": "None", "totalRevenue": "0", "costOfRevenue": "None", "costofGoodsAndServicesSold": "None", "operatingIncome": "-22532000", "sellingGeneralAndAdministrative": "5091000", "researchAndDevelopment": "17441000", "operatingExpenses": "22532000", "investmentIncomeNet": "None", "netInterestIncome": "394000", "interestIncome": "802000", "interestExpense": "408000", "nonInterestIncome": "None", "otherNonOperatingIncome": "None", "depreciation": "None", "depreciationAndAmortization": "153000", "incomeBeforeTax": "-22144000", "incomeTaxExpense": "None", "interestAndDebtExpense": "None", "netIncomeFromContinuingOperations": "-22144000", "comprehensiveIncomeNetOfTax": "None", "ebit": "-21736000", "ebitda": "-21583000", "netIncome": "-22144000"}, {"fiscalDateEnding": "2025-06-30", "reportedCurrency": "USD", "grossProfit": "-191000", "totalRevenue": "0", "costOfRevenue": "191000", "costofGoodsAndServicesSold": "191000", "operatingIncome": "-26648000", "sellingGeneralAndAdministrative": "5451000", "researchAndDevelopment": "18022000", "operatingExpenses": "26648000", "investmentIncomeNet": "None", "netInterestIncome": "701000", "interestIncome": "1106000", "interestExpense": "405000", "nonInterestIncome": "None", "otherNonOperatingIncome": "None", "depreciation": "None", "depreciationAndAmortization": "191000", "incomeBeforeTax": "-25949000", "incomeTaxExpense": "None", "interestAndDebtExpense": "None", "netIncomeFromContinuingOperations": "-25949000", "comprehensiveIncomeNetOfTax": "None", "ebit": "-25544000", "ebitda": "-25353000", "netIncome": "-25949000"}, {"fiscalDateEnding": "2025-03-31", "reportedCurrency": "USD", "grossProfit": "-211000", "totalRevenue": "0", "costOfRevenue": "211000", "costofGoodsAndServicesSold": "211000", "operatingIncome": "-31820000", "sellingGeneralAndAdministrative": "7932000", "researchAndDevelopment": "23888000", "operatingExpenses": "31820000", "investmentIncomeNet": "None", "netInterestIncome": "1077000", "interestIncome": "1483000", "interestExpense": "406000", "nonInterestIncome": "None", "otherNonOperatingIncome": "None", "depreciation": "None", "depreciationAndAmortization": "211000", "incomeBeforeTax": "-30754000", "incomeTaxExpense": "None", "interestAndDebtExpense": "None", "netIncomeFromContinuingOperations": "-30754000", "comprehensiveIncomeNetOfTax": "None", "ebit": "-30348000", "ebitda": "-30137000", "netIncome": "-30754000"}, {"fiscalDateEnding": "2024-12-31", "reportedCurrency": "USD", "grossProfit": "434000", "totalRevenue": "868000", "costOfRevenue": "None", "costofGoodsAndServicesSold": "None", "operatingIncome": "-30613000", "sellingGeneralAndAdministrative": "7081000", "researchAndDevelopment": "23532000", "operatingExpenses": "30613000", "investmentIncomeNet": "None", "netInterestIncome": "1451000", "interestIncome": "1878000", "interestExpense": "427000", "nonInterestIncome": "None", "otherNonOperatingIncome": "None", "depreciation": "None", "depreciationAndAmortization": "214000", "incomeBeforeTax": "-29163000", "incomeTaxExpense": "None", "interestAndDebtExpense": "None", "netIncomeFromContinuingOperations": "-29163000", "comprehensiveIncomeNetOfTax": "None", "ebit": "-28736000", "ebitda": "-28522000", "netIncome": "-29163000"}, {"fiscalDateEnding": "2024-09-30", "reportedCurrency": "USD", "grossProfit": "-224000", "totalRevenue": "0", "costOfRevenue": "224000", "costofGoodsAndServicesSold": "224000", "operatingIncome": "-32567000", "sellingGeneralAndAdministrative": "6096000", "researchAndDevelopment": "26471000", "operatingExpenses": "32567000", "investmentIncomeNet": "None", "netInterestIncome": "1857000", "interestIncome": "2303000", "interestExpense": "446000", "nonInterestIncome": "None", "otherNonOperatingIncome": "None", "depreciation": "None", "depreciationAndAmortization": "224000", "incomeBeforeTax": "-30707000", "incomeTaxExpense": "None", "interestAndDebtExpense": "None", "netIncomeFromContinuingOperations": "-30707000", "comprehensiveIncomeNetOfTax": "None", "ebit": "-30261000", "ebitda": "-30037000", "netIncome": "-30707000"}, {"fiscalDateEnding": "2024-06-30", "reportedCurrency": "USD", "grossProfit": "-220000", "totalRevenue": "0", "costOfRevenue": "220000", "costofGoodsAndServicesSold": "220000", "operatingIncome": "-41525000", "sellingGeneralAndAdministrative": "6872000", "researchAndDevelopment": "34653000", "operatingExpenses": "41305000", "investmentIncomeNet": "None", "netInterestIncome": "2134000", "interestIncome": "2563000", "interestExpense": "429000", "nonInterestIncome": "None", "otherNonOperatingIncome": "None", "depreciation": "None", "depreciationAndAmortization": "220000", "incomeBeforeTax": "-39399000", "incomeTaxExpense": "None", "interestAndDebtExpense": "None", "netIncomeFromContinuingOperations": "-39399000", "comprehensiveIncomeNetOfTax": "None", "ebit": "-38970000", "ebitda": "-38750000", "netIncome": "-39399000"}, {"fiscalDateEnding": "2024-03-31", "reportedCurrency": "USD", "grossProfit": "-214000", "totalRevenue": "0", "costOfRevenue": "214000", "costofGoodsAndServicesSold": "214000", "operatingIncome": "-37762000", "sellingGeneralAndAdministrative": "6045000", "researchAndDevelopment": "31717000", "operatingExpenses": "37548000", "investmentIncomeNet": "None", "netInterestIncome": "2195000", "interestIncome": "2622000", "interestExpense": "427000", "nonInterestIncome": "None", "otherNonOperatingIncome": "None", "depreciation": "None", "depreciationAndAmortization": "214000", "incomeBeforeTax": "-35581000", "incomeTaxExpense": "170724", "interestAndDebtExpense": "None", "netIncomeFromContinuingOperations": "-35581000", "comprehensiveIncomeNetOfTax": "None", "ebit": "-35154000", "ebitda": "-34940000", "netIncome": "-35581000"}, {"fiscalDateEnding": "2023-12-31", "reportedCurrency": "USD", "grossProfit": "-207000", "totalRevenue": "2480000", "costOfRevenue": "207000", "costofGoodsAndServicesSold": "207000", "operatingIncome": "-48023000", "sellingGeneralAndAdministrative": "6239000", "researchAndDevelopment": "41784000", "operatingExpenses": "48023000", "investmentIncomeNet": "None", "netInterestIncome": "2580000", "interestIncome": "2995000", "interestExpense": "415000", "nonInterestIncome": "None", "otherNonOperatingIncome": "None", "depreciation": "None", "depreciationAndAmortization": "207000", "incomeBeforeTax": "-45472000", "incomeTaxExpense": "1145000", "interestAndDebtExpense": "None", "netIncomeFromContinuingOperations": "-45472000", "comprehensiveIncomeNetOfTax": "None", "ebit": "-45057000", "ebitda": "-44850000", "netIncome": "-45472000"}, {"fiscalDateEnding": "2023-09-30", "reportedCurrency": "USD", "grossProfit": "-209000", "totalRevenue": "0", "costOfRevenue": "209000", "costofGoodsAndServicesSold": "209000", "operatingIncome": "-53275000", "sellingGeneralAndAdministrative": "7509000", "researchAndDevelopment": "45766000", "operatingExpenses": "53275000", "investmentIncomeNet": "None", "netInterestIncome": "2286000", "interestIncome": "2677000", "interestExpense": "391000", "nonInterestIncome": "None", "otherNonOperatingIncome": "None", "depreciation": "None", "depreciationAndAmortization": "209000", "incomeBeforeTax": "-50990000", "incomeTaxExpense": "-209000", "interestAndDebtExpense": "None", "netIncomeFromContinuingOperations": "-50990000", "comprehensiveIncomeNetOfTax": "None", "ebit": "-50599000", "ebitda": "-50390000", "netIncome": "-50990000"}, {"fiscalDateEnding": "2023-06-30", "reportedCurrency": "USD", "grossProfit": "-513000", "totalRevenue": "0", "costOfRevenue": "513000", "costofGoodsAndServicesSold": "513000", "operatingIncome": "-36777000", "sellingGeneralAndAdministrative": "7295000", "researchAndDevelopment": "29482000", "operatingExpenses": "36777000", "investmentIncomeNet": "None", "netInterestIncome": "2294000", "interestIncome": "2666000", "interestExpense": "372000", "nonInterestIncome": "None", "otherNonOperatingIncome": "None", "depreciation": "None", "depreciationAndAmortization": "207000", "incomeBeforeTax": "-34159000", "incomeTaxExpense": "696000", "interestAndDebtExpense": "None", "netIncomeFromContinuingOperations": "-34159000", "comprehensiveIncomeNetOfTax": "None", "ebit": "-33787000", "ebitda": "-33580000", "netIncome": "-34159000"}, {"fiscalDateEnding": "2023-03-31", "reportedCurrency": "USD", "grossProfit": "-518000", "totalRevenue": "0", "costOfRevenue": "518000", "costofGoodsAndServicesSold": "518000", "operatingIncome": "-32203000", "sellingGeneralAndAdministrative": "7440000", "researchAndDevelopment": "24763000", "operatingExpenses": "32203000", "investmentIncomeNet": "None", "netInterestIncome": "1924000", "interestIncome": "2311000", "interestExpense": "387000", "nonInterestIncome": "None", "otherNonOperatingIncome": "2406000", "depreciation": "None", "depreciationAndAmortization": "213000", "incomeBeforeTax": "-30184000", "incomeTaxExpense": "-1632000", "interestAndDebtExpense": "None", "netIncomeFromContinuingOperations": "-30184000", "comprehensiveIncomeNetOfTax": "None", "ebit": "-29797000", "ebitda": "-29584000", "netIncome": "-30184000"}, {"fiscalDateEnding": "2022-12-31", "reportedCurrency": "USD", "grossProfit": "-413000", "totalRevenue": "0", "costOfRevenue": "413000", "costofGoodsAndServicesSold": "413000", "operatingIncome": "-32219000", "sellingGeneralAndAdministrative": "7022000", "researchAndDevelopment": "25197000", "operatingExpenses": "31806000", "investmentIncomeNet": "None", "netInterestIncome": "1807000", "interestIncome": "1807000", "interestExpense": "2471000", "nonInterestIncome": "None", "otherNonOperatingIncome": "-233000", "depreciation": "None", "depreciationAndAmortization": "105000", "incomeBeforeTax": "-30645000", "incomeTaxExpense": "64000", "interestAndDebtExpense": "None", "netIncomeFromContinuingOperations": "-30709000", "comprehensiveIncomeNetOfTax": "None", "ebit": "-32219000", "ebitda": "-32114000", "netIncome": "-30709000"}, {"fiscalDateEnding": "2022-09-30", "reportedCurrency": "USD", "grossProfit": "-397000", "totalRevenue": "0", "costOfRevenue": "397000", "costofGoodsAndServicesSold": "397000", "operatingIncome": "-36681000", "sellingGeneralAndAdministrative": "7299000", "researchAndDevelopment": "29382000", "operatingExpenses": "36681000", "investmentIncomeNet": "None", "netInterestIncome": "1370000", "interestIncome": "1370000", "interestExpense": "2000", "nonInterestIncome": "None", "otherNonOperatingIncome": "-9000", "depreciation": "None", "depreciationAndAmortization": "95000", "incomeBeforeTax": "-35320000", "incomeTaxExpense": "-1370000", "interestAndDebtExpense": "None", "netIncomeFromContinuingOperations": "-35320000", "comprehensiveIncomeNetOfTax": "None", "ebit": "-35318000", "ebitda": "-35223000", "netIncome": "-35320000"}, {"fiscalDateEnding": "2022-06-30", "reportedCurrency": "USD", "grossProfit": "-280000", "totalRevenue": "0", "costOfRevenue": "280000", "costofGoodsAndServicesSold": "280000", "operatingIncome": "-33789000", "sellingGeneralAndAdministrative": "7041000", "researchAndDevelopment": "26748000", "operatingExpenses": "33789000", "investmentIncomeNet": "None", "netInterestIncome": "876000", "interestIncome": "876000", "interestExpense": "2000", "nonInterestIncome": "None", "otherNonOperatingIncome": "-7000", "depreciation": "None", "depreciationAndAmortization": "84000", "incomeBeforeTax": "-32920000", "incomeTaxExpense": "-869000", "interestAndDebtExpense": "None", "netIncomeFromContinuingOperations": "-32920000", "comprehensiveIncomeNetOfTax": "None", "ebit": "-32918000", "ebitda": "-32834000", "netIncome": "-32920000"}, {"fiscalDateEnding": "2022-03-31", "reportedCurrency": "USD", "grossProfit": "-376000", "totalRevenue": "0", "costOfRevenue": "376000", "costofGoodsAndServicesSold": "376000", "operatingIncome": "-24747000", "sellingGeneralAndAdministrative": "7674000", "researchAndDevelopment": "17073000", "operatingExpenses": "24747000", "investmentIncomeNet": "None", "netInterestIncome": "225000", "interestIncome": "225000", "interestExpense": "3000", "nonInterestIncome": "None", "otherNonOperatingIncome": "-11000", "depreciation": "None", "depreciationAndAmortization": "58000", "incomeBeforeTax": "-24533000", "incomeTaxExpense": "-214000", "interestAndDebtExpense": "None", "netIncomeFromContinuingOperations": "-24533000", "comprehensiveIncomeNetOfTax": "None", "ebit": "-24530000", "ebitda": "-24472000", "netIncome": "-24533000"}, {"fiscalDateEnding": "2021-12-31", "reportedCurrency": "USD", "grossProfit": "-259000", "totalRevenue": "0", "costOfRevenue": "259000", "costofGoodsAndServicesSold": "259000", "operatingIncome": "-28472000", "sellingGeneralAndAdministrative": "7578000", "researchAndDevelopment": "20894000", "operatingExpenses": "28472000", "investmentIncomeNet": "None", "netInterestIncome": "-3000", "interestIncome": "None", "interestExpense": "3000", "nonInterestIncome": "None", "otherNonOperatingIncome": "16000", "depreciation": "None", "depreciationAndAmortization": "34000", "incomeBeforeTax": "-28459000", "incomeTaxExpense": "-21000", "interestAndDebtExpense": "None", "netIncomeFromContinuingOperations": "-28438000", "comprehensiveIncomeNetOfTax": "None", "ebit": "-28456000", "ebitda": "-28422000", "netIncome": "-28438000"}, {"fiscalDateEnding": "2021-09-30", "reportedCurrency": "USD", "grossProfit": "-262000", "totalRevenue": "0", "costOfRevenue": "262000", "costofGoodsAndServicesSold": "262000", "operatingIncome": "-24576000", "sellingGeneralAndAdministrative": "6362000", "researchAndDevelopment": "18214000", "operatingExpenses": "24576000", "investmentIncomeNet": "None", "netInterestIncome": "-4000", "interestIncome": "None", "interestExpense": "4000", "nonInterestIncome": "None", "otherNonOperatingIncome": "14000", "depreciation": "None", "depreciationAndAmortization": "6000", "incomeBeforeTax": "-24566000", "incomeTaxExpense": "18000", "interestAndDebtExpense": "None", "netIncomeFromContinuingOperations": "-24566000", "comprehensiveIncomeNetOfTax": "None", "ebit": "-24576000", "ebitda": "-24570000", "netIncome": "-24566000"}, {"fiscalDateEnding": "2021-06-30", "reportedCurrency": "USD", "grossProfit": "-152000", "totalRevenue": "0", "costOfRevenue": "152000", "costofGoodsAndServicesSold": "152000", "operatingIncome": "-16299000", "sellingGeneralAndAdministrative": "5086000", "researchAndDevelopment": "11213000", "operatingExpenses": "16299000", "investmentIncomeNet": "None", "netInterestIncome": "-3000", "interestIncome": "None", "interestExpense": "3000", "nonInterestIncome": "None", "otherNonOperatingIncome": "28000", "depreciation": "None", "depreciationAndAmortization": "6000", "incomeBeforeTax": "-16274000", "incomeTaxExpense": "31000", "interestAndDebtExpense": "None", "netIncomeFromContinuingOperations": "-16274000", "comprehensiveIncomeNetOfTax": "None", "ebit": "-16299000", "ebitda": "-16293000", "netIncome": "-16274000"}, {"fiscalDateEnding": "2021-03-31", "reportedCurrency": "USD", "grossProfit": "-5000", "totalRevenue": "0", "costOfRevenue": "5000", "costofGoodsAndServicesSold": "5000", "operatingIncome": "-14208000", "sellingGeneralAndAdministrative": "4359000", "researchAndDevelopment": "9849000", "operatingExpenses": "14208000", "investmentIncomeNet": "None", "netInterestIncome": "-3000", "interestIncome": "None", "interestExpense": "3000", "nonInterestIncome": "None", "otherNonOperatingIncome": "26000", "depreciation": "None", "depreciationAndAmortization": "5000", "incomeBeforeTax": "-14185000", "incomeTaxExpense": "29000", "interestAndDebtExpense": "None", "netIncomeFromContinuingOperations": "-14185000", "comprehensiveIncomeNetOfTax": "None", "ebit": "-14208000", "ebitda": "-14203000", "netIncome": "-14185000"}, {"fiscalDateEnding": "2020-12-31", "reportedCurrency": "USD", "grossProfit": "0.11", "totalRevenue": "1.18", "costOfRevenue": "1.08", "costofGoodsAndServicesSold": "1.08", "operatingIncome": "-17825000", "sellingGeneralAndAdministrative": "5683000", "researchAndDevelopment": "12142000", "operatingExpenses": "17825000", "investmentIncomeNet": "None", "netInterestIncome": "-151000", "interestIncome": "None", "interestExpense": "151000", "nonInterestIncome": "None", "otherNonOperatingIncome": "None", "depreciation": "None", "depreciationAndAmortization": "5000", "incomeBeforeTax": "-18592000", "incomeTaxExpense": "182000", "interestAndDebtExpense": "None", "netIncomeFromContinuingOperations": "-18774000", "comprehensiveIncomeNetOfTax": "None", "ebit": "-18441000", "ebitda": "-18436000", "netIncome": "-18774000"}, {"fiscalDateEnding": "2020-09-30", "reportedCurrency": "USD", "grossProfit": "0", "totalRevenue": "0", "costOfRevenue": "0", "costofGoodsAndServicesSold": "0", "operatingIncome": "-9809000", "sellingGeneralAndAdministrative": "4481000", "researchAndDevelopment": "5328000", "operatingExpenses": "9809000", "investmentIncomeNet": "None", "netInterestIncome": "-226000", "interestIncome": "None", "interestExpense": "226000", "nonInterestIncome": "None", "otherNonOperatingIncome": "None", "depreciation": "None", "depreciationAndAmortization": "5000", "incomeBeforeTax": "-10146000", "incomeTaxExpense": "35000", "interestAndDebtExpense": "None", "netIncomeFromContinuingOperations": "-10181000", "comprehensiveIncomeNetOfTax": "None", "ebit": "-9920000", "ebitda": "-9915000", "netIncome": "-10181000"}, {"fiscalDateEnding": "2020-06-30", "reportedCurrency": "USD", "grossProfit": "48000", "totalRevenue": "527000", "costOfRevenue": "479000", "costofGoodsAndServicesSold": "479000", "operatingIncome": "-10787000", "sellingGeneralAndAdministrative": "3172000", "researchAndDevelopment": "7663000", "operatingExpenses": "10835000", "investmentIncomeNet": "None", "netInterestIncome": "-219000", "interestIncome": "None", "interestExpense": "219000", "nonInterestIncome": "None", "otherNonOperatingIncome": "None", "depreciation": "None", "depreciationAndAmortization": "79000", "incomeBeforeTax": "-11311000", "incomeTaxExpense": "20000", "interestAndDebtExpense": "None", "netIncomeFromContinuingOperations": "-11331000", "comprehensiveIncomeNetOfTax": "None", "ebit": "-11092000", "ebitda": "-11013000", "netIncome": "-11331000"}, {"fiscalDateEnding": "2020-03-31", "reportedCurrency": "USD", "grossProfit": "59000", "totalRevenue": "655000", "costOfRevenue": "596000", "costofGoodsAndServicesSold": "596000", "operatingIncome": "-5242000", "sellingGeneralAndAdministrative": "1473000", "researchAndDevelopment": "3828000", "operatingExpenses": "5301000", "investmentIncomeNet": "None", "netInterestIncome": "-215000", "interestIncome": "215000", "interestExpense": "215000", "nonInterestIncome": "None", "otherNonOperatingIncome": "None", "depreciation": "None", "depreciationAndAmortization": "113000", "incomeBeforeTax": "-5450000", "incomeTaxExpense": "4000", "interestAndDebtExpense": "None", "netIncomeFromContinuingOperations": "-5454000", "comprehensiveIncomeNetOfTax": "None", "ebit": "-5235000", "ebitda": "-5122000", "netIncome": "-5454000"}, {"fiscalDateEnding": "2019-12-31", "reportedCurrency": "USD", "grossProfit": "110000", "totalRevenue": "1213000", "costOfRevenue": "1103000", "costofGoodsAndServicesSold": "1103000", "operatingIncome": "-7733000", "sellingGeneralAndAdministrative": "1108000", "researchAndDevelopment": "6735000", "operatingExpenses": "7843000", "investmentIncomeNet": "None", "netInterestIncome": "-21000", "interestIncome": "None", "interestExpense": "21000", "nonInterestIncome": "None", "otherNonOperatingIncome": "None", "depreciation": "None", "depreciationAndAmortization": "112000", "incomeBeforeTax": "-7755000", "incomeTaxExpense": "9000", "interestAndDebtExpense": "None", "netIncomeFromContinuingOperations": "-7764000", "comprehensiveIncomeNetOfTax": "None", "ebit": "-7734000", "ebitda": "-7622000", "netIncome": "-7764000"}, {"fiscalDateEnding": "2019-09-30", "reportedCurrency": "USD", "grossProfit": "114000", "totalRevenue": "1256000", "costOfRevenue": "1142000", "costofGoodsAndServicesSold": "1142000", "operatingIncome": "-3034000", "sellingGeneralAndAdministrative": "938000", "researchAndDevelopment": "2210000", "operatingExpenses": "3148000", "investmentIncomeNet": "None", "netInterestIncome": "0", "interestIncome": "None", "interestExpense": "0", "nonInterestIncome": "None", "otherNonOperatingIncome": "None", "depreciation": "None", "depreciationAndAmortization": "111000", "incomeBeforeTax": "-3036000", "incomeTaxExpense": "8000", "interestAndDebtExpense": "None", "netIncomeFromContinuingOperations": "-3044000", "comprehensiveIncomeNetOfTax": "None", "ebit": "-3036000", "ebitda": "-2925000", "netIncome": "-3044000"}, {"fiscalDateEnding": "2019-06-30", "reportedCurrency": "USD", "grossProfit": "118000", "totalRevenue": "1295000", "costOfRevenue": "1177000", "costofGoodsAndServicesSold": "1177000", "operatingIncome": "-4189000", "sellingGeneralAndAdministrative": "679000", "researchAndDevelopment": "3628000", "operatingExpenses": "4307000", "investmentIncomeNet": "None", "netInterestIncome": "0", "interestIncome": "None", "interestExpense": "0", "nonInterestIncome": "None", "otherNonOperatingIncome": "None", "depreciation": "None", "depreciationAndAmortization": "109000", "incomeBeforeTax": "-4189000", "incomeTaxExpense": "8000", "interestAndDebtExpense": "None", "netIncomeFromContinuingOperations": "-4197000", "comprehensiveIncomeNetOfTax": "None", "ebit": "-4189000", "ebitda": "-4080000", "netIncome": "-4197000"}, {"fiscalDateEnding": "2019-03-31", "reportedCurrency": "USD", "grossProfit": "94000", "totalRevenue": "1032000", "costOfRevenue": "938000", "costofGoodsAndServicesSold": "938000", "operatingIncome": "-4227000", "sellingGeneralAndAdministrative": "588000", "researchAndDevelopment": "3733000", "operatingExpenses": "4321000", "investmentIncomeNet": "None", "netInterestIncome": "None", "interestIncome": "None", "interestExpense": "None", "nonInterestIncome": "None", "otherNonOperatingIncome": "None", "depreciation": "None", "depreciationAndAmortization": "97000", "incomeBeforeTax": "-4229000", "incomeTaxExpense": "9000", "interestAndDebtExpense": "None", "netIncomeFromContinuingOperations": "None", "comprehensiveIncomeNetOfTax": "None", "ebit": "-4229000", "ebitda": "-4132000", "netIncome": "-4238000"}]}