{"symbol": "AEMD", "annualReports": [{"fiscalDateEnding": "2025-03-31", "reportedCurrency": "USD", "grossProfit": "-339559", "totalRevenue": "0", "costOfRevenue": "339559", "costofGoodsAndServicesSold": "339559", "operatingIncome": "-9341365", "sellingGeneralAndAdministrative": "9341365", "researchAndDevelopment": "2212000", "operatingExpenses": "9341365", "investmentIncomeNet": "None", "netInterestIncome": "288013", "interestIncome": "298122", "interestExpense": "10109", "nonInterestIncome": "None", "otherNonOperatingIncome": "None", "depreciation": "None", "depreciationAndAmortization": "339559", "incomeBeforeTax": "-13388090", "incomeTaxExpense": "None", "interestAndDebtExpense": "None", "netIncomeFromContinuingOperations": "-13388090", "comprehensiveIncomeNetOfTax": "None", "ebit": "-13377981", "ebitda": "-13038422", "netIncome": "-13388089"}, {"fiscalDateEnding": "2024-03-31", "reportedCurrency": "USD", "grossProfit": "-359057", "totalRevenue": "0", "costOfRevenue": "359057", "costofGoodsAndServicesSold": "359057", "operatingIncome": "-12636568", "sellingGeneralAndAdministrative": "7009764", "researchAndDevelopment": "2520000", "operatingExpenses": "12636568", "investmentIncomeNet": "None", "netInterestIncome": "428394", "interestIncome": "428394", "interestExpense": "None", "nonInterestIncome": "None", "otherNonOperatingIncome": "None", "depreciation": "None", "depreciationAndAmortization": "359057", "incomeBeforeTax": "-12208174", "incomeTaxExpense": "3", "interestAndDebtExpense": "None", "netIncomeFromContinuingOperations": "-12208174", "comprehensiveIncomeNetOfTax": "None", "ebit": "-12636568", "ebitda": "-12277511", "netIncome": "-12208174"}, {"fiscalDateEnding": "2023-03-31", "reportedCurrency": "USD", "grossProfit": "574245", "totalRevenue": "574245", "costOfRevenue": "265300", "costofGoodsAndServicesSold": "265300", "operatingIncome": "-11898638", "sellingGeneralAndAdministrative": "7510331", "researchAndDevelopment": "2745000", "operatingExpenses": "12472883", "investmentIncomeNet": "None", "netInterestIncome": "10973", "interestIncome": "10973", "interestExpense": "131148000", "nonInterestIncome": "None", "otherNonOperatingIncome": "None", "depreciation": "None", "depreciationAndAmortization": "240892", "incomeBeforeTax": "-12029786", "incomeTaxExpense": "131148000", "interestAndDebtExpense": "None", "netIncomeFromContinuingOperations": "-12029786", "comprehensiveIncomeNetOfTax": "None", "ebit": "-11898638", "ebitda": "-11657746", "netIncome": "-12029786"}, {"fiscalDateEnding": "2022-03-31", "reportedCurrency": "USD", "grossProfit": "294165", "totalRevenue": "294165", "costOfRevenue": "4625802000", "costofGoodsAndServicesSold": "4625802000", "operatingIncome": "-10420885", "sellingGeneralAndAdministrative": "10715050", "researchAndDevelopment": "2341000", "operatingExpenses": "10715050", "investmentIncomeNet": "None", "netInterestIncome": "0", "interestIncome": "0", "interestExpense": "123685", "nonInterestIncome": "None", "otherNonOperatingIncome": "None", "depreciation": "None", "depreciationAndAmortization": "123685", "incomeBeforeTax": "-10420885", "incomeTaxExpense": "-4794", "interestAndDebtExpense": "None", "netIncomeFromContinuingOperations": "-10420885", "comprehensiveIncomeNetOfTax": "None", "ebit": "-10420885", "ebitda": "-10297200", "netIncome": "-10416091"}, {"fiscalDateEnding": "2021-03-31", "reportedCurrency": "USD", "grossProfit": "659104", "totalRevenue": "659104", "costOfRevenue": "3454941000", "costofGoodsAndServicesSold": "3454941000", "operatingIncome": "-7889919", "sellingGeneralAndAdministrative": "8549023", "researchAndDevelopment": "2072000", "operatingExpenses": "8549023", "investmentIncomeNet": "None", "netInterestIncome": "-1580", "interestIncome": "None", "interestExpense": "1580", "nonInterestIncome": "None", "otherNonOperatingIncome": "None", "depreciation": "None", "depreciationAndAmortization": "39939", "incomeBeforeTax": "-7891499", "incomeTaxExpense": "-43149", "interestAndDebtExpense": "None", "netIncomeFromContinuingOperations": "-7891499", "comprehensiveIncomeNetOfTax": "None", "ebit": "-7889919", "ebitda": "-7849980", "netIncome": "-7848350"}, {"fiscalDateEnding": "2020-03-31", "reportedCurrency": "USD", "grossProfit": "650187", "totalRevenue": "650187", "costOfRevenue": "2302599000", "costofGoodsAndServicesSold": "2302599000", "operatingIncome": "-5929988", "sellingGeneralAndAdministrative": "4099576", "researchAndDevelopment": "927000", "operatingExpenses": "6580175", "investmentIncomeNet": "None", "netInterestIncome": "-54232", "interestIncome": "54230", "interestExpense": "54232", "nonInterestIncome": "None", "otherNonOperatingIncome": "-395821", "depreciation": "None", "depreciationAndAmortization": "26366", "incomeBeforeTax": "-6380041", "incomeTaxExpense": "-6093", "interestAndDebtExpense": "None", "netIncomeFromContinuingOperations": "-6380041", "comprehensiveIncomeNetOfTax": "None", "ebit": "-5929988", "ebitda": "-5903622", "netIncome": "-6373948"}, {"fiscalDateEnding": "2019-03-31", "reportedCurrency": "USD", "grossProfit": "-2853491000", "totalRevenue": "229625", "costOfRevenue": "3083116000", "costofGoodsAndServicesSold": "3083116000", "operatingIncome": "-5999000", "sellingGeneralAndAdministrative": "2977000", "researchAndDevelopment": "896000", "operatingExpenses": "6229000", "investmentIncomeNet": "None", "netInterestIncome": "-220487", "interestIncome": "220490", "interestExpense": "220487", "nonInterestIncome": "None", "otherNonOperatingIncome": "None", "depreciation": "None", "depreciationAndAmortization": "30695", "incomeBeforeTax": "-6220000", "incomeTaxExpense": "-24785", "interestAndDebtExpense": "None", "netIncomeFromContinuingOperations": "-5999017", "comprehensiveIncomeNetOfTax": "None", "ebit": "-5998695", "ebitda": "-5968000", "netIncome": "-6195000"}, {"fiscalDateEnding": "2018-03-31", "reportedCurrency": "USD", "grossProfit": "-2485312000", "totalRevenue": "149625", "costOfRevenue": "2634937000", "costofGoodsAndServicesSold": "2634937000", "operatingIncome": "-4831000", "sellingGeneralAndAdministrative": "2209804", "researchAndDevelopment": "586000", "operatingExpenses": "4981000", "investmentIncomeNet": "None", "netInterestIncome": "-361597", "interestIncome": "491820", "interestExpense": "361597", "nonInterestIncome": "None", "otherNonOperatingIncome": "None", "depreciation": "None", "depreciationAndAmortization": "35658", "incomeBeforeTax": "-5700000", "incomeTaxExpense": "341318", "interestAndDebtExpense": "None", "netIncomeFromContinuingOperations": "-4831116", "comprehensiveIncomeNetOfTax": "None", "ebit": "-5338658", "ebitda": "-5303000", "netIncome": "-5680000"}, {"fiscalDateEnding": "2017-03-31", "reportedCurrency": "USD", "grossProfit": "-3087274000", "totalRevenue": "392073", "costOfRevenue": "3479347000", "costofGoodsAndServicesSold": "3479347000", "operatingIncome": "-6098000", "sellingGeneralAndAdministrative": "2860083", "researchAndDevelopment": "673000", "operatingExpenses": "6490000", "investmentIncomeNet": "None", "netInterestIncome": "-304330", "interestIncome": "650170", "interestExpense": "304330", "nonInterestIncome": "None", "otherNonOperatingIncome": "None", "depreciation": "None", "depreciationAndAmortization": "32413", "incomeBeforeTax": "-7307000", "incomeTaxExpense": "273717", "interestAndDebtExpense": "None", "netIncomeFromContinuingOperations": "-6098357", "comprehensiveIncomeNetOfTax": "None", "ebit": "-7002413", "ebitda": "-6970000", "netIncome": "-7276000"}, {"fiscalDateEnding": "2016-03-31", "reportedCurrency": "USD", "grossProfit": "-1414965000", "totalRevenue": "886572", "costOfRevenue": "2301537000", "costofGoodsAndServicesSold": "2301537000", "operatingIncome": "-4385000", "sellingGeneralAndAdministrative": "3044109", "researchAndDevelopment": "782000", "operatingExpenses": "5271000", "investmentIncomeNet": "None", "netInterestIncome": "None", "interestIncome": "573780", "interestExpense": "573782", "nonInterestIncome": "None", "otherNonOperatingIncome": "None", "depreciation": "None", "depreciationAndAmortization": "38524", "incomeBeforeTax": "-4959000", "incomeTaxExpense": "-86287", "interestAndDebtExpense": "None", "netIncomeFromContinuingOperations": "-4384834", "comprehensiveIncomeNetOfTax": "None", "ebit": "-4384524", "ebitda": "-4346000", "netIncome": "-4872000"}, {"fiscalDateEnding": "2015-03-31", "reportedCurrency": "USD", "grossProfit": "-954477000", "totalRevenue": "762417", "costOfRevenue": "1716894000", "costofGoodsAndServicesSold": "1716894000", "operatingIncome": "-3993000", "sellingGeneralAndAdministrative": "2312000", "researchAndDevelopment": "1028000", "operatingExpenses": "4755000", "investmentIncomeNet": "None", "netInterestIncome": "None", "interestIncome": "None", "interestExpense": "440276", "nonInterestIncome": "None", "otherNonOperatingIncome": "None", "depreciation": "None", "depreciationAndAmortization": "37352", "incomeBeforeTax": "-6979000", "incomeTaxExpense": "489563", "interestAndDebtExpense": "None", "netIncomeFromContinuingOperations": "-3992853", "comprehensiveIncomeNetOfTax": "None", "ebit": "-6539218", "ebitda": "-6501866", "netIncome": "-6797000"}, {"fiscalDateEnding": "2014-03-31", "reportedCurrency": "USD", "grossProfit": "1624000", "totalRevenue": "1624000", "costOfRevenue": "828734000", "costofGoodsAndServicesSold": "828734000", "operatingIncome": "-3056000", "sellingGeneralAndAdministrative": "2452503", "researchAndDevelopment": "1509000", "operatingExpenses": "4679697", "investmentIncomeNet": "None", "netInterestIncome": "None", "interestIncome": "None", "interestExpense": "430009", "nonInterestIncome": "None", "otherNonOperatingIncome": "9095813", "depreciation": "None", "depreciationAndAmortization": "21087", "incomeBeforeTax": "-13439000", "incomeTaxExpense": "1280551", "interestAndDebtExpense": "None", "netIncomeFromContinuingOperations": "7327106", "comprehensiveIncomeNetOfTax": "None", "ebit": "-13008087", "ebitda": "-12987000", "netIncome": "-13357000"}, {"fiscalDateEnding": "2013-03-31", "reportedCurrency": "USD", "grossProfit": "-178361000", "totalRevenue": "1230000", "costOfRevenue": "1408365000", "costofGoodsAndServicesSold": "1408365000", "operatingIncome": "-3575000", "sellingGeneralAndAdministrative": "4805358", "researchAndDevelopment": "1440000", "operatingExpenses": "4805000", "investmentIncomeNet": "None", "netInterestIncome": "None", "interestIncome": "None", "interestExpense": "1132314", "nonInterestIncome": "None", "otherNonOperatingIncome": "184372", "depreciation": "None", "depreciationAndAmortization": "10484", "incomeBeforeTax": "-4892000", "incomeTaxExpense": "1005114", "interestAndDebtExpense": "None", "netIncomeFromContinuingOperations": "-2258668", "comprehensiveIncomeNetOfTax": "None", "ebit": "-3886484", "ebitda": "-3876000", "netIncome": "-4892000"}, {"fiscalDateEnding": "2012-03-31", "reportedCurrency": "USD", "grossProfit": "-712148", "totalRevenue": "1360000", "costOfRevenue": "2072000", "costofGoodsAndServicesSold": "2072000", "operatingIncome": "-3114000", "sellingGeneralAndAdministrative": "4474000", "researchAndDevelopment": "1088000", "operatingExpenses": "4474000", "investmentIncomeNet": "None", "netInterestIncome": "None", "interestIncome": "None", "interestExpense": "3793758", "nonInterestIncome": "None", "otherNonOperatingIncome": "-1203247", "depreciation": "None", "depreciationAndAmortization": "17219", "incomeBeforeTax": "-8111000", "incomeTaxExpense": "4997000", "interestAndDebtExpense": "None", "netIncomeFromContinuingOperations": "-8111340", "comprehensiveIncomeNetOfTax": "None", "ebit": "-4363117", "ebitda": "-4345898", "netIncome": "-8111000"}, {"fiscalDateEnding": "2011-03-31", "reportedCurrency": "USD", "grossProfit": "-1654701000", "totalRevenue": "None", "costOfRevenue": "1654701000", "costofGoodsAndServicesSold": "1654701000", "operatingIncome": "-4557000", "sellingGeneralAndAdministrative": "4557000", "researchAndDevelopment": "440000", "operatingExpenses": "1636000", "investmentIncomeNet": "None", "netInterestIncome": "None", "interestIncome": "None", "interestExpense": "3951000", "nonInterestIncome": "None", "otherNonOperatingIncome": "None", "depreciation": "None", "depreciationAndAmortization": "19102", "incomeBeforeTax": "-5711000", "incomeTaxExpense": "1154000", "interestAndDebtExpense": "None", "netIncomeFromContinuingOperations": "None", "comprehensiveIncomeNetOfTax": "None", "ebit": "-1760102", "ebitda": "-1741000", "netIncome": "-5711000"}, {"fiscalDateEnding": "2010-03-31", "reportedCurrency": "USD", "grossProfit": "None", "totalRevenue": "None", "costOfRevenue": "None", "costofGoodsAndServicesSold": "None", "operatingIncome": "-2849000", "sellingGeneralAndAdministrative": "2849000", "researchAndDevelopment": "525000", "operatingExpenses": "2849000", "investmentIncomeNet": "None", "netInterestIncome": "None", "interestIncome": "None", "interestExpense": "1564000", "nonInterestIncome": "None", "otherNonOperatingIncome": "None", "depreciation": "None", "depreciationAndAmortization": "13653", "incomeBeforeTax": "-4573000", "incomeTaxExpense": "1724000", "interestAndDebtExpense": "None", "netIncomeFromContinuingOperations": "None", "comprehensiveIncomeNetOfTax": "None", "ebit": "-3008653", "ebitda": "-2995000", "netIncome": "-4573000"}, {"fiscalDateEnding": "2009-03-31", "reportedCurrency": "USD", "grossProfit": "None", "totalRevenue": "None", "costOfRevenue": "None", "costofGoodsAndServicesSold": "None", "operatingIncome": "-2923000", "sellingGeneralAndAdministrative": "2074000", "researchAndDevelopment": "649000", "operatingExpenses": "2923000", "investmentIncomeNet": "None", "netInterestIncome": "None", "interestIncome": "None", "interestExpense": "1773000", "nonInterestIncome": "None", "otherNonOperatingIncome": "None", "depreciation": "None", "depreciationAndAmortization": "16281", "incomeBeforeTax": "-6084000", "incomeTaxExpense": "3161000", "interestAndDebtExpense": "None", "netIncomeFromContinuingOperations": "None", "comprehensiveIncomeNetOfTax": "None", "ebit": "-4311281", "ebitda": "-4295000", "netIncome": "-6084000"}, {"fiscalDateEnding": "2008-03-31", "reportedCurrency": "USD", "grossProfit": "None", "totalRevenue": "None", "costOfRevenue": "None", "costofGoodsAndServicesSold": "None", "operatingIncome": "-2893000", "sellingGeneralAndAdministrative": "2893000", "researchAndDevelopment": "792000", "operatingExpenses": "2893000", "investmentIncomeNet": "None", "netInterestIncome": "None", "interestIncome": "None", "interestExpense": "0", "nonInterestIncome": "None", "otherNonOperatingIncome": "None", "depreciation": "None", "depreciationAndAmortization": "1217000", "incomeBeforeTax": "-4140000", "incomeTaxExpense": "1248000", "interestAndDebtExpense": "None", "netIncomeFromContinuingOperations": "None", "comprehensiveIncomeNetOfTax": "None", "ebit": "-2964000", "ebitda": "-1747000", "netIncome": "-4140000"}, {"fiscalDateEnding": "2007-03-31", "reportedCurrency": "USD", "grossProfit": "None", "totalRevenue": "None", "costOfRevenue": "None", "costofGoodsAndServicesSold": "None", "operatingIncome": "-2084000", "sellingGeneralAndAdministrative": "2084000", "researchAndDevelopment": "673614", "operatingExpenses": "2084000", "investmentIncomeNet": "None", "netInterestIncome": "None", "interestIncome": "None", "interestExpense": "0", "nonInterestIncome": "None", "otherNonOperatingIncome": "None", "depreciation": "None", "depreciationAndAmortization": "23400", "incomeBeforeTax": "-5634000", "incomeTaxExpense": "3940000", "interestAndDebtExpense": "None", "netIncomeFromContinuingOperations": "None", "comprehensiveIncomeNetOfTax": "None", "ebit": "-5633400", "ebitda": "-5610000", "netIncome": "-6025000"}, {"fiscalDateEnding": "2006-03-31", "reportedCurrency": "USD", "grossProfit": "None", "totalRevenue": "None", "costOfRevenue": "None", "costofGoodsAndServicesSold": "None", "operatingIncome": "-2013000", "sellingGeneralAndAdministrative": "2013000", "researchAndDevelopment": "754000", "operatingExpenses": "2095000", "investmentIncomeNet": "None", "netInterestIncome": "None", "interestIncome": "None", "interestExpense": "0", "nonInterestIncome": "None", "otherNonOperatingIncome": "None", "depreciation": "None", "depreciationAndAmortization": "34241", "incomeBeforeTax": "-2552000", "incomeTaxExpense": "825244", "interestAndDebtExpense": "None", "netIncomeFromContinuingOperations": "None", "comprehensiveIncomeNetOfTax": "None", "ebit": "-2470241", "ebitda": "-2436000", "netIncome": "-2920000"}], "quarterlyReports": [{"fiscalDateEnding": "2025-12-31", "reportedCurrency": "USD", "grossProfit": "-155516", "totalRevenue": "0", "costOfRevenue": "155516", "costofGoodsAndServicesSold": "155516", "operatingIncome": "-2062116", "sellingGeneralAndAdministrative": "1074692000", "researchAndDevelopment": "532782", "operatingExpenses": "1906600", "investmentIncomeNet": "None", "netInterestIncome": "43871", "interestIncome": "43871", "interestExpense": "None", "nonInterestIncome": "None", "otherNonOperatingIncome": "None", "depreciation": "None", "depreciationAndAmortization": "155516", "incomeBeforeTax": "-2018244", "incomeTaxExpense": "None", "interestAndDebtExpense": "None", "netIncomeFromContinuingOperations": "-2018245", "comprehensiveIncomeNetOfTax": "None", "ebit": "-2062116", "ebitda": "-1906600", "netIncome": "-2018244"}, {"fiscalDateEnding": "2025-09-30", "reportedCurrency": "USD", "grossProfit": "-152946", "totalRevenue": "0", "costOfRevenue": "152946", "costofGoodsAndServicesSold": "152946", "operatingIncome": "-1509830", "sellingGeneralAndAdministrative": "1509830", "researchAndDevelopment": "294318", "operatingExpenses": "1356884", "investmentIncomeNet": "None", "netInterestIncome": "22730", "interestIncome": "22730", "interestExpense": "None", "nonInterestIncome": "None", "otherNonOperatingIncome": "None", "depreciation": "None", "depreciationAndAmortization": "152946", "incomeBeforeTax": "-1487100", "incomeTaxExpense": "None", "interestAndDebtExpense": "None", "netIncomeFromContinuingOperations": "-1487100", "comprehensiveIncomeNetOfTax": "None", "ebit": "-1487100", "ebitda": "-1334154", "netIncome": "-1487100"}, {"fiscalDateEnding": "2025-06-30", "reportedCurrency": "USD", "grossProfit": "-154907", "totalRevenue": "0", "costOfRevenue": "154907", "costofGoodsAndServicesSold": "154907", "operatingIncome": "-1792390", "sellingGeneralAndAdministrative": "1211390000", "researchAndDevelopment": "524368", "operatingExpenses": "1637483", "investmentIncomeNet": "None", "netInterestIncome": "36466", "interestIncome": "36466", "interestExpense": "None", "nonInterestIncome": "None", "otherNonOperatingIncome": "None", "depreciation": "None", "depreciationAndAmortization": "154907", "incomeBeforeTax": "-1761858", "incomeTaxExpense": "None", "interestAndDebtExpense": "None", "netIncomeFromContinuingOperations": "-1761858", "comprehensiveIncomeNetOfTax": "None", "ebit": "-1761854", "ebitda": "-1606947", "netIncome": "-1761858"}, {"fiscalDateEnding": "2025-03-31", "reportedCurrency": "USD", "grossProfit": "-83864", "totalRevenue": "172120", "costOfRevenue": "83864", "costofGoodsAndServicesSold": "83864", "operatingIncome": "-2003963", "sellingGeneralAndAdministrative": "2003963", "researchAndDevelopment": "1328384", "operatingExpenses": "1920099", "investmentIncomeNet": "None", "netInterestIncome": "83807", "interestIncome": "93916", "interestExpense": "10109", "nonInterestIncome": "None", "otherNonOperatingIncome": "None", "depreciation": "None", "depreciationAndAmortization": "83864", "incomeBeforeTax": "-6254893", "incomeTaxExpense": "None", "interestAndDebtExpense": "None", "netIncomeFromContinuingOperations": "-6254894", "comprehensiveIncomeNetOfTax": "None", "ebit": "-6244789", "ebitda": "-6160925", "netIncome": "-6254893"}, {"fiscalDateEnding": "2024-12-31", "reportedCurrency": "USD", "grossProfit": "-83808", "totalRevenue": "0", "costOfRevenue": "83808", "costofGoodsAndServicesSold": "83808", "operatingIncome": "-1814747", "sellingGeneralAndAdministrative": "1088260", "researchAndDevelopment": "240199", "operatingExpenses": "1814747", "investmentIncomeNet": "None", "netInterestIncome": "59964", "interestIncome": "59964", "interestExpense": "None", "nonInterestIncome": "None", "otherNonOperatingIncome": "None", "depreciation": "None", "depreciationAndAmortization": "83808", "incomeBeforeTax": "-1754783", "incomeTaxExpense": "None", "interestAndDebtExpense": "None", "netIncomeFromContinuingOperations": "-1754783", "comprehensiveIncomeNetOfTax": "None", "ebit": "-1814747", "ebitda": "-1730939", "netIncome": "-1754783"}, {"fiscalDateEnding": "2024-09-30", "reportedCurrency": "USD", "grossProfit": "-1372899000", "totalRevenue": "0", "costOfRevenue": "1372899000", "costofGoodsAndServicesSold": "1372899000", "operatingIncome": "-2902119", "sellingGeneralAndAdministrative": "1421220", "researchAndDevelopment": "261486", "operatingExpenses": "2902119", "investmentIncomeNet": "None", "netInterestIncome": "95146", "interestIncome": "95146", "interestExpense": "None", "nonInterestIncome": "None", "otherNonOperatingIncome": "None", "depreciation": "None", "depreciationAndAmortization": "85827", "incomeBeforeTax": "-2806973", "incomeTaxExpense": "None", "interestAndDebtExpense": "None", "netIncomeFromContinuingOperations": "-2806973", "comprehensiveIncomeNetOfTax": "None", "ebit": "-2902119", "ebitda": "-2816292", "netIncome": "-2806973"}, {"fiscalDateEnding": "2024-06-30", "reportedCurrency": "USD", "grossProfit": "-86060", "totalRevenue": "0", "costOfRevenue": "86060", "costofGoodsAndServicesSold": "86060", "operatingIncome": "-2620858", "sellingGeneralAndAdministrative": "1264056", "researchAndDevelopment": "414658", "operatingExpenses": "2620858", "investmentIncomeNet": "None", "netInterestIncome": "49418", "interestIncome": "49418", "interestExpense": "None", "nonInterestIncome": "None", "otherNonOperatingIncome": "None", "depreciation": "None", "depreciationAndAmortization": "86060", "incomeBeforeTax": "-2571440", "incomeTaxExpense": "-2", "interestAndDebtExpense": "None", "netIncomeFromContinuingOperations": "-2571440", "comprehensiveIncomeNetOfTax": "None", "ebit": "-2620858", "ebitda": "-2534798", "netIncome": "-2571440"}, {"fiscalDateEnding": "2024-03-31", "reportedCurrency": "USD", "grossProfit": "-85832", "totalRevenue": "0", "costOfRevenue": "85832", "costofGoodsAndServicesSold": "85832", "operatingIncome": "-2485974", "sellingGeneralAndAdministrative": "1408140", "researchAndDevelopment": "644886", "operatingExpenses": "2485974", "investmentIncomeNet": "None", "netInterestIncome": "60556", "interestIncome": "60556", "interestExpense": "None", "nonInterestIncome": "None", "otherNonOperatingIncome": "None", "depreciation": "None", "depreciationAndAmortization": "85832", "incomeBeforeTax": "-2425418", "incomeTaxExpense": "-2", "interestAndDebtExpense": "None", "netIncomeFromContinuingOperations": "-2425418", "comprehensiveIncomeNetOfTax": "None", "ebit": "-3358737", "ebitda": "-3272905", "netIncome": "-2425418"}, {"fiscalDateEnding": "2023-12-31", "reportedCurrency": "USD", "grossProfit": "-90907", "totalRevenue": "0", "costOfRevenue": "90907", "costofGoodsAndServicesSold": "90907", "operatingIncome": "-3567088", "sellingGeneralAndAdministrative": "1542783", "researchAndDevelopment": "593401", "operatingExpenses": "3567088", "investmentIncomeNet": "None", "netInterestIncome": "100967", "interestIncome": "100967", "interestExpense": "None", "nonInterestIncome": "None", "otherNonOperatingIncome": "None", "depreciation": "None", "depreciationAndAmortization": "91473", "incomeBeforeTax": "-3466121", "incomeTaxExpense": "3", "interestAndDebtExpense": "None", "netIncomeFromContinuingOperations": "-3466121", "comprehensiveIncomeNetOfTax": "None", "ebit": "-2694325", "ebitda": "-2602852", "netIncome": "-3466121"}, {"fiscalDateEnding": "2023-09-30", "reportedCurrency": "USD", "grossProfit": "-92113", "totalRevenue": "0", "costOfRevenue": "92113", "costofGoodsAndServicesSold": "92113", "operatingIncome": "-3175346", "sellingGeneralAndAdministrative": "1878920", "researchAndDevelopment": "628447", "operatingExpenses": "3175346", "investmentIncomeNet": "None", "netInterestIncome": "140890", "interestIncome": "140890", "interestExpense": "None", "nonInterestIncome": "None", "otherNonOperatingIncome": "None", "depreciation": "None", "depreciationAndAmortization": "91427", "incomeBeforeTax": "-3034456", "incomeTaxExpense": "None", "interestAndDebtExpense": "None", "netIncomeFromContinuingOperations": "-3034456", "comprehensiveIncomeNetOfTax": "None", "ebit": "-3175346", "ebitda": "-3083919", "netIncome": "-3034456"}, {"fiscalDateEnding": "2023-06-30", "reportedCurrency": "USD", "grossProfit": "-90325", "totalRevenue": "0", "costOfRevenue": "90325", "costofGoodsAndServicesSold": "90325", "operatingIncome": "-3408160", "sellingGeneralAndAdministrative": "2179921", "researchAndDevelopment": "678922", "operatingExpenses": "3408160", "investmentIncomeNet": "None", "netInterestIncome": "125981", "interestIncome": "125981", "interestExpense": "None", "nonInterestIncome": "None", "otherNonOperatingIncome": "None", "depreciation": "None", "depreciationAndAmortization": "90325", "incomeBeforeTax": "-3282179", "incomeTaxExpense": "125764694", "interestAndDebtExpense": "None", "netIncomeFromContinuingOperations": "-3282179", "comprehensiveIncomeNetOfTax": "None", "ebit": "-3408160", "ebitda": "-3317835", "netIncome": "-3282179"}, {"fiscalDateEnding": "2023-03-31", "reportedCurrency": "USD", "grossProfit": "574245", "totalRevenue": "574245", "costOfRevenue": "80565", "costofGoodsAndServicesSold": "80565", "operatingIncome": "-2477908", "sellingGeneralAndAdministrative": "1692003", "researchAndDevelopment": "615624", "operatingExpenses": "3052153", "investmentIncomeNet": "None", "netInterestIncome": "None", "interestIncome": "None", "interestExpense": "10973", "nonInterestIncome": "None", "otherNonOperatingIncome": "None", "depreciation": "None", "depreciationAndAmortization": "79542", "incomeBeforeTax": "-2466935", "incomeTaxExpense": "-10973", "interestAndDebtExpense": "None", "netIncomeFromContinuingOperations": "-2466935", "comprehensiveIncomeNetOfTax": "None", "ebit": "-2477908", "ebitda": "-2398366", "netIncome": "-2466935"}, {"fiscalDateEnding": "2022-12-31", "reportedCurrency": "USD", "grossProfit": "-91878", "totalRevenue": "0", "costOfRevenue": "91878", "costofGoodsAndServicesSold": "91878", "operatingIncome": "-2849753", "sellingGeneralAndAdministrative": "1800992", "researchAndDevelopment": "558223", "operatingExpenses": "2849753", "investmentIncomeNet": "None", "netInterestIncome": "0", "interestIncome": "0", "interestExpense": "78126", "nonInterestIncome": "None", "otherNonOperatingIncome": "None", "depreciation": "None", "depreciationAndAmortization": "78126", "incomeBeforeTax": "-2849753", "incomeTaxExpense": "-3", "interestAndDebtExpense": "None", "netIncomeFromContinuingOperations": "-2849753", "comprehensiveIncomeNetOfTax": "None", "ebit": "-2849753", "ebitda": "-2771627", "netIncome": "-2849753"}, {"fiscalDateEnding": "2022-09-30", "reportedCurrency": "USD", "grossProfit": "-54407", "totalRevenue": "0", "costOfRevenue": "54407", "costofGoodsAndServicesSold": "54407", "operatingIncome": "-3665309", "sellingGeneralAndAdministrative": "2552354", "researchAndDevelopment": "852464", "operatingExpenses": "3665309", "investmentIncomeNet": "None", "netInterestIncome": "0", "interestIncome": "0", "interestExpense": "142121", "nonInterestIncome": "None", "otherNonOperatingIncome": "None", "depreciation": "None", "depreciationAndAmortization": "52574", "incomeBeforeTax": "-3807430", "incomeTaxExpense": "142121", "interestAndDebtExpense": "None", "netIncomeFromContinuingOperations": "-3807430", "comprehensiveIncomeNetOfTax": "None", "ebit": "-3665309", "ebitda": "-3612735", "netIncome": "-3807430"}, {"fiscalDateEnding": "2022-06-30", "reportedCurrency": "USD", "grossProfit": "-38450", "totalRevenue": "0", "costOfRevenue": "38450", "costofGoodsAndServicesSold": "38450", "operatingIncome": "-2906081", "sellingGeneralAndAdministrative": "1736395", "researchAndDevelopment": "858347", "operatingExpenses": "2906081", "investmentIncomeNet": "None", "netInterestIncome": "None", "interestIncome": "None", "interestExpense": "None", "nonInterestIncome": "None", "otherNonOperatingIncome": "None", "depreciation": "None", "depreciationAndAmortization": "30650", "incomeBeforeTax": "-2906081", "incomeTaxExpense": "-413", "interestAndDebtExpense": "None", "netIncomeFromContinuingOperations": "-2906081", "comprehensiveIncomeNetOfTax": "None", "ebit": "-2906081", "ebitda": "-2875431", "netIncome": "-2905668"}, {"fiscalDateEnding": "2022-03-31", "reportedCurrency": "USD", "grossProfit": "13116", "totalRevenue": "13116", "costOfRevenue": "46137", "costofGoodsAndServicesSold": "46137", "operatingIncome": "-3785698", "sellingGeneralAndAdministrative": "1881862", "researchAndDevelopment": "937109", "operatingExpenses": "3798814", "investmentIncomeNet": "None", "netInterestIncome": "None", "interestIncome": "None", "interestExpense": "25322", "nonInterestIncome": "None", "otherNonOperatingIncome": "None", "depreciation": "None", "depreciationAndAmortization": "25322", "incomeBeforeTax": "-3785698", "incomeTaxExpense": "-620", "interestAndDebtExpense": "None", "netIncomeFromContinuingOperations": "-3785698", "comprehensiveIncomeNetOfTax": "None", "ebit": "-3785698", "ebitda": "-3760376", "netIncome": "-3785078"}, {"fiscalDateEnding": "2021-12-31", "reportedCurrency": "USD", "grossProfit": "17117", "totalRevenue": "17117", "costOfRevenue": "29570", "costofGoodsAndServicesSold": "29570", "operatingIncome": "-2527946", "sellingGeneralAndAdministrative": "1545563", "researchAndDevelopment": "354571", "operatingExpenses": "2545063", "investmentIncomeNet": "None", "netInterestIncome": "None", "interestIncome": "None", "interestExpense": "None", "nonInterestIncome": "None", "otherNonOperatingIncome": "None", "depreciation": "None", "depreciationAndAmortization": "17673", "incomeBeforeTax": "-2527946", "incomeTaxExpense": "19311113", "interestAndDebtExpense": "None", "netIncomeFromContinuingOperations": "-2527946", "comprehensiveIncomeNetOfTax": "None", "ebit": "-2527946", "ebitda": "-2510273", "netIncome": "-2525732"}, {"fiscalDateEnding": "2021-09-30", "reportedCurrency": "USD", "grossProfit": "131966", "totalRevenue": "131966", "costOfRevenue": "805608000", "costofGoodsAndServicesSold": "805608000", "operatingIncome": "-2008804", "sellingGeneralAndAdministrative": "1335162", "researchAndDevelopment": "478201", "operatingExpenses": "2140770", "investmentIncomeNet": "None", "netInterestIncome": "None", "interestIncome": "None", "interestExpense": "None", "nonInterestIncome": "None", "otherNonOperatingIncome": "None", "depreciation": "None", "depreciationAndAmortization": "69024", "incomeBeforeTax": "-2008804", "incomeTaxExpense": "132790175", "interestAndDebtExpense": "None", "netIncomeFromContinuingOperations": "-2008804", "comprehensiveIncomeNetOfTax": "None", "ebit": "-2008804", "ebitda": "-1939780", "netIncome": "-2007979"}, {"fiscalDateEnding": "2021-06-30", "reportedCurrency": "USD", "grossProfit": "131966", "totalRevenue": "131966", "costOfRevenue": "1016742000", "costofGoodsAndServicesSold": "1016742000", "operatingIncome": "-2098438", "sellingGeneralAndAdministrative": "1165662", "researchAndDevelopment": "587687", "operatingExpenses": "2230404", "investmentIncomeNet": "None", "netInterestIncome": "-125", "interestIncome": "None", "interestExpense": "125", "nonInterestIncome": "None", "otherNonOperatingIncome": "None", "depreciation": "None", "depreciationAndAmortization": "11666", "incomeBeforeTax": "-2098438", "incomeTaxExpense": "-1135", "interestAndDebtExpense": "None", "netIncomeFromContinuingOperations": "-2098438", "comprehensiveIncomeNetOfTax": "None", "ebit": "-2098438", "ebitda": "-2086772", "netIncome": "-2097303"}, {"fiscalDateEnding": "2021-03-31", "reportedCurrency": "USD", "grossProfit": "34233", "totalRevenue": "34233", "costOfRevenue": "934136000", "costofGoodsAndServicesSold": "934136000", "operatingIncome": "-2264574", "sellingGeneralAndAdministrative": "1316671", "researchAndDevelopment": "704667", "operatingExpenses": "2298807", "investmentIncomeNet": "None", "netInterestIncome": "-50", "interestIncome": "None", "interestExpense": "50", "nonInterestIncome": "None", "otherNonOperatingIncome": "None", "depreciation": "None", "depreciationAndAmortization": "11164", "incomeBeforeTax": "-2264574", "incomeTaxExpense": "-1604", "interestAndDebtExpense": "None", "netIncomeFromContinuingOperations": "-2264574", "comprehensiveIncomeNetOfTax": "None", "ebit": "-2264574", "ebitda": "-2253410", "netIncome": "-2262970"}, {"fiscalDateEnding": "2020-12-31", "reportedCurrency": "USD", "grossProfit": "624871", "totalRevenue": "624871", "costOfRevenue": "1523650000", "costofGoodsAndServicesSold": "1523650000", "operatingIncome": "-2444390", "sellingGeneralAndAdministrative": "1545611", "researchAndDevelopment": "461176", "operatingExpenses": "3069261", "investmentIncomeNet": "None", "netInterestIncome": "-802", "interestIncome": "None", "interestExpense": "802", "nonInterestIncome": "None", "otherNonOperatingIncome": "None", "depreciation": "None", "depreciationAndAmortization": "10734", "incomeBeforeTax": "-2444390", "incomeTaxExpense": "-1498", "interestAndDebtExpense": "None", "netIncomeFromContinuingOperations": "-2444390", "comprehensiveIncomeNetOfTax": "None", "ebit": "-2444390", "ebitda": "-2433656", "netIncome": "-2442892"}, {"fiscalDateEnding": "2020-09-30", "reportedCurrency": "USD", "grossProfit": "-560244000", "totalRevenue": "413458", "costOfRevenue": "560244000", "costofGoodsAndServicesSold": "560244000", "operatingIncome": "-1771389", "sellingGeneralAndAdministrative": "1211145", "researchAndDevelopment": "508897", "operatingExpenses": "1771389", "investmentIncomeNet": "None", "netInterestIncome": "0", "interestIncome": "None", "interestExpense": "0", "nonInterestIncome": "None", "otherNonOperatingIncome": "None", "depreciation": "None", "depreciationAndAmortization": "9271", "incomeBeforeTax": "-1771389", "incomeTaxExpense": "814904", "interestAndDebtExpense": "None", "netIncomeFromContinuingOperations": "-1771389", "comprehensiveIncomeNetOfTax": "None", "ebit": "-1771389", "ebitda": "-1762118", "netIncome": "-1770564"}, {"fiscalDateEnding": "2020-06-30", "reportedCurrency": "USD", "grossProfit": "-436911000", "totalRevenue": "206729", "costOfRevenue": "436911000", "costofGoodsAndServicesSold": "436911000", "operatingIncome": "-1410418", "sellingGeneralAndAdministrative": "929507", "researchAndDevelopment": "377167", "operatingExpenses": "1410418", "investmentIncomeNet": "None", "netInterestIncome": "-728", "interestIncome": "None", "interestExpense": "728", "nonInterestIncome": "None", "otherNonOperatingIncome": "None", "depreciation": "None", "depreciationAndAmortization": "8770", "incomeBeforeTax": "-1411146", "incomeTaxExpense": "-863", "interestAndDebtExpense": "None", "netIncomeFromContinuingOperations": "-1411146", "comprehensiveIncomeNetOfTax": "None", "ebit": "-1410418", "ebitda": "-1401648", "netIncome": "-1410283"}, {"fiscalDateEnding": "2020-03-31", "reportedCurrency": "USD", "grossProfit": "206729", "totalRevenue": "206729", "costOfRevenue": "692657000", "costofGoodsAndServicesSold": "692657000", "operatingIncome": "-1785191", "sellingGeneralAndAdministrative": "1251263", "researchAndDevelopment": "234978", "operatingExpenses": "1991920", "investmentIncomeNet": "None", "netInterestIncome": "0", "interestIncome": "None", "interestExpense": "30287", "nonInterestIncome": "None", "otherNonOperatingIncome": "-451414", "depreciation": "None", "depreciationAndAmortization": "10374", "incomeBeforeTax": "-1785191", "incomeTaxExpense": "28002", "interestAndDebtExpense": "None", "netIncomeFromContinuingOperations": "-2290712", "comprehensiveIncomeNetOfTax": "None", "ebit": "-1785191", "ebitda": "-1774817", "netIncome": "-1782906"}, {"fiscalDateEnding": "2019-12-31", "reportedCurrency": "USD", "grossProfit": "413458", "totalRevenue": "413458", "costOfRevenue": "406421000", "costofGoodsAndServicesSold": "406421000", "operatingIncome": "-876406", "sellingGeneralAndAdministrative": "839443", "researchAndDevelopment": "218571", "operatingExpenses": "1289864", "investmentIncomeNet": "None", "netInterestIncome": "-126", "interestIncome": "130", "interestExpense": "126", "nonInterestIncome": "None", "otherNonOperatingIncome": "55593", "depreciation": "None", "depreciationAndAmortization": "10241", "incomeBeforeTax": "-820939", "incomeTaxExpense": "-1232", "interestAndDebtExpense": "None", "netIncomeFromContinuingOperations": "-820939", "comprehensiveIncomeNetOfTax": "None", "ebit": "-876406", "ebitda": "-866165", "netIncome": "-819581"}, {"fiscalDateEnding": "2019-09-30", "reportedCurrency": "USD", "grossProfit": "-597526000", "totalRevenue": "0", "costOfRevenue": "2883", "costofGoodsAndServicesSold": "2883", "operatingIncome": "-1702202", "sellingGeneralAndAdministrative": "1059676", "researchAndDevelopment": "222857", "operatingExpenses": "1706605", "investmentIncomeNet": "None", "netInterestIncome": "-21", "interestIncome": "4420", "interestExpense": "21", "nonInterestIncome": "None", "otherNonOperatingIncome": "None", "depreciation": "None", "depreciationAndAmortization": "2883", "incomeBeforeTax": "-1706626", "incomeTaxExpense": "-4451", "interestAndDebtExpense": "None", "netIncomeFromContinuingOperations": "-1702202", "comprehensiveIncomeNetOfTax": "None", "ebit": "-1706605", "ebitda": "-1703722", "netIncome": "-1705037"}, {"fiscalDateEnding": "2019-06-30", "reportedCurrency": "USD", "grossProfit": "-605995000", "totalRevenue": "30000", "costOfRevenue": "605995000", "costofGoodsAndServicesSold": "605995000", "operatingIncome": "-1566000", "sellingGeneralAndAdministrative": "950193", "researchAndDevelopment": "248871", "operatingExpenses": "1596188", "investmentIncomeNet": "None", "netInterestIncome": "-54085", "interestIncome": "54090", "interestExpense": "54085", "nonInterestIncome": "None", "otherNonOperatingIncome": "None", "depreciation": "None", "depreciationAndAmortization": "2868", "incomeBeforeTax": "-2067000", "incomeTaxExpense": "-3982", "interestAndDebtExpense": "None", "netIncomeFromContinuingOperations": "-1566188", "comprehensiveIncomeNetOfTax": "None", "ebit": "-2012868", "ebitda": "-2010000", "netIncome": "-2066000"}, {"fiscalDateEnding": "2019-03-31", "reportedCurrency": "USD", "grossProfit": "80000", "totalRevenue": "80000", "costOfRevenue": "None", "costofGoodsAndServicesSold": "None", "operatingIncome": "-1590918", "sellingGeneralAndAdministrative": "1670918", "researchAndDevelopment": "None", "operatingExpenses": "1670918", "investmentIncomeNet": "None", "netInterestIncome": "-55170", "interestIncome": "55170", "interestExpense": "55170", "nonInterestIncome": "None", "otherNonOperatingIncome": "None", "depreciation": "None", "depreciationAndAmortization": "5939", "incomeBeforeTax": "-1646088", "incomeTaxExpense": "None", "interestAndDebtExpense": "None", "netIncomeFromContinuingOperations": "-1590918", "comprehensiveIncomeNetOfTax": "None", "ebit": "-1590918", "ebitda": "-1584979", "netIncome": "-1642106"}, {"fiscalDateEnding": "2018-12-31", "reportedCurrency": "USD", "grossProfit": "-1161531000", "totalRevenue": "80000", "costOfRevenue": "8716", "costofGoodsAndServicesSold": "8716", "operatingIncome": "-1964000", "sellingGeneralAndAdministrative": "760342", "researchAndDevelopment": "243843", "operatingExpenses": "1964000", "investmentIncomeNet": "None", "netInterestIncome": "None", "interestIncome": "None", "interestExpense": "55107", "nonInterestIncome": "None", "otherNonOperatingIncome": "None", "depreciation": "None", "depreciationAndAmortization": "8716", "incomeBeforeTax": "-2019000", "incomeTaxExpense": "-14656", "interestAndDebtExpense": "None", "netIncomeFromContinuingOperations": "-1963873", "comprehensiveIncomeNetOfTax": "None", "ebit": "-1963716", "ebitda": "-1955000", "netIncome": "-2013000"}, {"fiscalDateEnding": "2018-09-30", "reportedCurrency": "USD", "grossProfit": "-672279000", "totalRevenue": "0", "costOfRevenue": "672279000", "costofGoodsAndServicesSold": "672279000", "operatingIncome": "-1347000", "sellingGeneralAndAdministrative": "640675", "researchAndDevelopment": "178800", "operatingExpenses": "1347000", "investmentIncomeNet": "None", "netInterestIncome": "None", "interestIncome": "None", "interestExpense": "55106", "nonInterestIncome": "None", "otherNonOperatingIncome": "None", "depreciation": "None", "depreciationAndAmortization": "7931", "incomeBeforeTax": "-1402000", "incomeTaxExpense": "-8715", "interestAndDebtExpense": "None", "netIncomeFromContinuingOperations": "-1346954", "comprehensiveIncomeNetOfTax": "None", "ebit": "-1346931", "ebitda": "-1339000", "netIncome": "-1393000"}, {"fiscalDateEnding": "2018-06-30", "reportedCurrency": "USD", "grossProfit": "-452940000", "totalRevenue": "149625", "costOfRevenue": "602565000", "costofGoodsAndServicesSold": "602565000", "operatingIncome": "-1097000", "sellingGeneralAndAdministrative": "594332", "researchAndDevelopment": "194784", "operatingExpenses": "1247000", "investmentIncomeNet": "None", "netInterestIncome": "None", "interestIncome": "None", "interestExpense": "55104", "nonInterestIncome": "None", "otherNonOperatingIncome": "None", "depreciation": "None", "depreciationAndAmortization": "8109", "incomeBeforeTax": "-1152000", "incomeTaxExpense": "-6148", "interestAndDebtExpense": "None", "netIncomeFromContinuingOperations": "-1097272", "comprehensiveIncomeNetOfTax": "None", "ebit": "-1097109", "ebitda": "-1089000", "netIncome": "-1146000"}, {"fiscalDateEnding": "2018-03-31", "reportedCurrency": "USD", "grossProfit": "-573834000", "totalRevenue": "74812", "costOfRevenue": "723384000", "costofGoodsAndServicesSold": "723384000", "operatingIncome": "-1271000", "sellingGeneralAndAdministrative": "586495", "researchAndDevelopment": "123360", "operatingExpenses": "1346000", "investmentIncomeNet": "None", "netInterestIncome": "None", "interestIncome": "None", "interestExpense": "55102", "nonInterestIncome": "None", "otherNonOperatingIncome": "None", "depreciation": "None", "depreciationAndAmortization": "8256", "incomeBeforeTax": "-1326000", "incomeTaxExpense": "47795", "interestAndDebtExpense": "None", "netIncomeFromContinuingOperations": "-1271067", "comprehensiveIncomeNetOfTax": "None", "ebit": "-1271256", "ebitda": "-1263000", "netIncome": "-1319000"}, {"fiscalDateEnding": "2017-12-31", "reportedCurrency": "USD", "grossProfit": "-663245000", "totalRevenue": "74813", "costOfRevenue": "663245000", "costofGoodsAndServicesSold": "663245000", "operatingIncome": "-1163627", "sellingGeneralAndAdministrative": "575195", "researchAndDevelopment": "129206", "operatingExpenses": "1238440", "investmentIncomeNet": "None", "netInterestIncome": "None", "interestIncome": "None", "interestExpense": "55912", "nonInterestIncome": "None", "otherNonOperatingIncome": "None", "depreciation": "None", "depreciationAndAmortization": "8751", "incomeBeforeTax": "-1219539", "incomeTaxExpense": "-4532", "interestAndDebtExpense": "None", "netIncomeFromContinuingOperations": "-1163627", "comprehensiveIncomeNetOfTax": "None", "ebit": "-1163627", "ebitda": "-1154876", "netIncome": "-1215007"}, {"fiscalDateEnding": "2017-09-30", "reportedCurrency": "USD", "grossProfit": "-618081000", "totalRevenue": "382803", "costOfRevenue": "9325", "costofGoodsAndServicesSold": "9325", "operatingIncome": "-1236173", "sellingGeneralAndAdministrative": "618092", "researchAndDevelopment": "168570", "operatingExpenses": "1236173", "investmentIncomeNet": "None", "netInterestIncome": "None", "interestIncome": "None", "interestExpense": "61979", "nonInterestIncome": "None", "otherNonOperatingIncome": "None", "depreciation": "None", "depreciationAndAmortization": "9325", "incomeBeforeTax": "-1308577", "incomeTaxExpense": "57308", "interestAndDebtExpense": "None", "netIncomeFromContinuingOperations": "-1236173", "comprehensiveIncomeNetOfTax": "None", "ebit": "-1246598", "ebitda": "-1237273", "netIncome": "-1303906"}, {"fiscalDateEnding": "2017-06-30", "reportedCurrency": "USD", "grossProfit": "-9326", "totalRevenue": "4635", "costOfRevenue": "9326", "costofGoodsAndServicesSold": "9326", "operatingIncome": "-1160000", "sellingGeneralAndAdministrative": "495022", "researchAndDevelopment": "157463", "operatingExpenses": "1160000", "investmentIncomeNet": "None", "netInterestIncome": "None", "interestIncome": "None", "interestExpense": "188604", "nonInterestIncome": "None", "otherNonOperatingIncome": "None", "depreciation": "None", "depreciationAndAmortization": "9326", "incomeBeforeTax": "-1846000", "incomeTaxExpense": "184835", "interestAndDebtExpense": "None", "netIncomeFromContinuingOperations": "-1160249", "comprehensiveIncomeNetOfTax": "None", "ebit": "-1657326", "ebitda": "-1648000", "netIncome": "-1842000"}, {"fiscalDateEnding": "2017-03-31", "reportedCurrency": "USD", "grossProfit": "392073", "totalRevenue": "74812", "costOfRevenue": "1499000", "costofGoodsAndServicesSold": "1499000", "operatingIncome": "-1504000", "sellingGeneralAndAdministrative": "781824", "researchAndDevelopment": "175925", "operatingExpenses": "1504000", "investmentIncomeNet": "None", "netInterestIncome": "None", "interestIncome": "None", "interestExpense": "189022", "nonInterestIncome": "None", "otherNonOperatingIncome": "None", "depreciation": "None", "depreciationAndAmortization": "6048", "incomeBeforeTax": "-1693000", "incomeTaxExpense": "20116", "interestAndDebtExpense": "None", "netIncomeFromContinuingOperations": "-1504481", "comprehensiveIncomeNetOfTax": "None", "ebit": "-1504048", "ebitda": "-1498000", "netIncome": "-1686000"}, {"fiscalDateEnding": "2016-12-31", "reportedCurrency": "USD", "grossProfit": "-635698000", "totalRevenue": "387000", "costOfRevenue": "5753", "costofGoodsAndServicesSold": "5753", "operatingIncome": "-1235546", "sellingGeneralAndAdministrative": "599848", "researchAndDevelopment": "178440", "operatingExpenses": "1235546", "investmentIncomeNet": "None", "netInterestIncome": "None", "interestIncome": "None", "interestExpense": "36565", "nonInterestIncome": "None", "otherNonOperatingIncome": "None", "depreciation": "None", "depreciationAndAmortization": "5753", "incomeBeforeTax": "-1213420", "incomeTaxExpense": "28876", "interestAndDebtExpense": "None", "netIncomeFromContinuingOperations": "-1235546", "comprehensiveIncomeNetOfTax": "None", "ebit": "-1176855", "ebitda": "-1171102", "netIncome": "-1205731"}, {"fiscalDateEnding": "2016-09-30", "reportedCurrency": "USD", "grossProfit": "-1813003000", "totalRevenue": "387438", "costOfRevenue": "1813003000", "costofGoodsAndServicesSold": "1813003000", "operatingIncome": "-2227000", "sellingGeneralAndAdministrative": "801113", "researchAndDevelopment": "280860", "operatingExpenses": "2614000", "investmentIncomeNet": "None", "netInterestIncome": "None", "interestIncome": "None", "interestExpense": "36576", "nonInterestIncome": "None", "otherNonOperatingIncome": "None", "depreciation": "None", "depreciationAndAmortization": "10394", "incomeBeforeTax": "-2263000", "incomeTaxExpense": "-7668", "interestAndDebtExpense": "None", "netIncomeFromContinuingOperations": "-2226678", "comprehensiveIncomeNetOfTax": "None", "ebit": "-2226394", "ebitda": "-2216000", "netIncome": "-2256000"}, {"fiscalDateEnding": "2016-06-30", "reportedCurrency": "USD", "grossProfit": "-344987000", "totalRevenue": "4635", "costOfRevenue": "344987000", "costofGoodsAndServicesSold": "344987000", "operatingIncome": "-1132000", "sellingGeneralAndAdministrative": "757300", "researchAndDevelopment": "117664", "operatingExpenses": "1136287", "investmentIncomeNet": "None", "netInterestIncome": "None", "interestIncome": "None", "interestExpense": "42167", "nonInterestIncome": "None", "otherNonOperatingIncome": "None", "depreciation": "None", "depreciationAndAmortization": "10218", "incomeBeforeTax": "-2137000", "incomeTaxExpense": "6794", "interestAndDebtExpense": "None", "netIncomeFromContinuingOperations": "-1131652", "comprehensiveIncomeNetOfTax": "None", "ebit": "-1131218", "ebitda": "-1121000", "netIncome": "-2129000"}, {"fiscalDateEnding": "2016-03-31", "reportedCurrency": "USD", "grossProfit": "204665", "totalRevenue": "204665", "costOfRevenue": "630728000", "costofGoodsAndServicesSold": "630728000", "operatingIncome": "-1086000", "sellingGeneralAndAdministrative": "847551", "researchAndDevelopment": "205809", "operatingExpenses": "1291000", "investmentIncomeNet": "None", "netInterestIncome": "None", "interestIncome": "None", "interestExpense": "107484", "nonInterestIncome": "None", "otherNonOperatingIncome": "None", "depreciation": "None", "depreciationAndAmortization": "9937", "incomeBeforeTax": "-1257000", "incomeTaxExpense": "71424", "interestAndDebtExpense": "None", "netIncomeFromContinuingOperations": "-1086372", "comprehensiveIncomeNetOfTax": "None", "ebit": "-1149937", "ebitda": "-1140000", "netIncome": "-1248000"}, {"fiscalDateEnding": "2015-12-31", "reportedCurrency": "USD", "grossProfit": "-614731000", "totalRevenue": "301033", "costOfRevenue": "614731000", "costofGoodsAndServicesSold": "614731000", "operatingIncome": "-1084000", "sellingGeneralAndAdministrative": "770432", "researchAndDevelopment": "147803", "operatingExpenses": "1385000", "investmentIncomeNet": "None", "netInterestIncome": "None", "interestIncome": "None", "interestExpense": "107123", "nonInterestIncome": "None", "otherNonOperatingIncome": "None", "depreciation": "None", "depreciationAndAmortization": "9911", "incomeBeforeTax": "-1233000", "incomeTaxExpense": "-57647", "interestAndDebtExpense": "None", "netIncomeFromContinuingOperations": "-1084130", "comprehensiveIncomeNetOfTax": "None", "ebit": "-1125911", "ebitda": "-1116000", "netIncome": "-1217000"}, {"fiscalDateEnding": "2015-09-30", "reportedCurrency": "USD", "grossProfit": "-597850000", "totalRevenue": "188366", "costOfRevenue": "597850000", "costofGoodsAndServicesSold": "597850000", "operatingIncome": "-1124000", "sellingGeneralAndAdministrative": "1312727", "researchAndDevelopment": "207676", "operatingExpenses": "1313000", "investmentIncomeNet": "None", "netInterestIncome": "None", "interestIncome": "None", "interestExpense": "107106", "nonInterestIncome": "None", "otherNonOperatingIncome": "None", "depreciation": "None", "depreciationAndAmortization": "9338", "incomeBeforeTax": "-1252000", "incomeTaxExpense": "-47139", "interestAndDebtExpense": "None", "netIncomeFromContinuingOperations": "-1124361", "comprehensiveIncomeNetOfTax": "None", "ebit": "-1144338", "ebitda": "-1135000", "netIncome": "-1225000"}, {"fiscalDateEnding": "2015-06-30", "reportedCurrency": "USD", "grossProfit": "-458228000", "totalRevenue": "192508", "costOfRevenue": "458228000", "costofGoodsAndServicesSold": "458228000", "operatingIncome": "-1090000", "sellingGeneralAndAdministrative": "770251", "researchAndDevelopment": "182000", "operatingExpenses": "1282000", "investmentIncomeNet": "None", "netInterestIncome": "None", "interestIncome": "None", "interestExpense": "107386", "nonInterestIncome": "None", "otherNonOperatingIncome": "None", "depreciation": "None", "depreciationAndAmortization": "9338", "incomeBeforeTax": "-1217000", "incomeTaxExpense": "-52925", "interestAndDebtExpense": "None", "netIncomeFromContinuingOperations": "-1089971", "comprehensiveIncomeNetOfTax": "None", "ebit": "-1109338", "ebitda": "-1100000", "netIncome": "-1183000"}, {"fiscalDateEnding": "2015-03-31", "reportedCurrency": "USD", "grossProfit": "198612", "totalRevenue": "198612", "costOfRevenue": "-19085000", "costofGoodsAndServicesSold": "-19085000", "operatingIncome": "-1133000", "sellingGeneralAndAdministrative": "751305", "researchAndDevelopment": "280343", "operatingExpenses": "1331000", "investmentIncomeNet": "None", "netInterestIncome": "None", "interestIncome": "None", "interestExpense": "97589", "nonInterestIncome": "None", "otherNonOperatingIncome": "None", "depreciation": "None", "depreciationAndAmortization": "9338", "incomeBeforeTax": "-928000", "incomeTaxExpense": "480087", "interestAndDebtExpense": "None", "netIncomeFromContinuingOperations": "-1132673", "comprehensiveIncomeNetOfTax": "None", "ebit": "-899338", "ebitda": "-890000", "netIncome": "-887000"}, {"fiscalDateEnding": "2014-12-31", "reportedCurrency": "USD", "grossProfit": "-570939000", "totalRevenue": "33434", "costOfRevenue": "570939000", "costofGoodsAndServicesSold": "570939000", "operatingIncome": "-1087000", "sellingGeneralAndAdministrative": "506475", "researchAndDevelopment": "214165", "operatingExpenses": "1120000", "investmentIncomeNet": "None", "netInterestIncome": "None", "interestIncome": "None", "interestExpense": "170225", "nonInterestIncome": "None", "otherNonOperatingIncome": "None", "depreciation": "None", "depreciationAndAmortization": "9338", "incomeBeforeTax": "-1602000", "incomeTaxExpense": "-46188", "interestAndDebtExpense": "None", "netIncomeFromContinuingOperations": "-1086980", "comprehensiveIncomeNetOfTax": "None", "ebit": "-1500338", "ebitda": "-1491000", "netIncome": "-1550000"}, {"fiscalDateEnding": "2014-09-30", "reportedCurrency": "USD", "grossProfit": "-544354000", "totalRevenue": "479075", "costOfRevenue": "544354000", "costofGoodsAndServicesSold": "544354000", "operatingIncome": "-601000", "sellingGeneralAndAdministrative": "535913", "researchAndDevelopment": "250388", "operatingExpenses": "1080000", "investmentIncomeNet": "None", "netInterestIncome": "None", "interestIncome": "None", "interestExpense": "66585", "nonInterestIncome": "None", "otherNonOperatingIncome": "None", "depreciation": "None", "depreciationAndAmortization": "9338", "incomeBeforeTax": "-888000", "incomeTaxExpense": "37361", "interestAndDebtExpense": "None", "netIncomeFromContinuingOperations": "-601192", "comprehensiveIncomeNetOfTax": "None", "ebit": "-821338", "ebitda": "-812000", "netIncome": "-847000"}, {"fiscalDateEnding": "2014-06-30", "reportedCurrency": "USD", "grossProfit": "-620686000", "totalRevenue": "51296", "costOfRevenue": "620686000", "costofGoodsAndServicesSold": "620686000", "operatingIncome": "-1172000", "sellingGeneralAndAdministrative": "565618", "researchAndDevelopment": "347000", "operatingExpenses": "1223000", "investmentIncomeNet": "None", "netInterestIncome": "None", "interestIncome": "None", "interestExpense": "56712", "nonInterestIncome": "None", "otherNonOperatingIncome": "None", "depreciation": "None", "depreciationAndAmortization": "9338", "incomeBeforeTax": "-3704000", "incomeTaxExpense": "1987665", "interestAndDebtExpense": "None", "netIncomeFromContinuingOperations": "-1172008", "comprehensiveIncomeNetOfTax": "None", "ebit": "-3647338", "ebitda": "-3638000", "netIncome": "-3656000"}, {"fiscalDateEnding": "2014-03-31", "reportedCurrency": "USD", "grossProfit": "706973", "totalRevenue": "706973", "costOfRevenue": "1509000", "costofGoodsAndServicesSold": "1509000", "operatingIncome": "-809994", "sellingGeneralAndAdministrative": "1516967", "researchAndDevelopment": "331000", "operatingExpenses": "1516967", "investmentIncomeNet": "None", "netInterestIncome": "None", "interestIncome": "None", "interestExpense": "957274", "nonInterestIncome": "None", "otherNonOperatingIncome": "5750916", "depreciation": "None", "depreciationAndAmortization": "6928", "incomeBeforeTax": "-7518183", "incomeTaxExpense": "0", "interestAndDebtExpense": "None", "netIncomeFromContinuingOperations": "5898199", "comprehensiveIncomeNetOfTax": "None", "ebit": "-809994", "ebitda": "-803066", "netIncome": "-7473514"}, {"fiscalDateEnding": "2013-12-31", "reportedCurrency": "USD", "grossProfit": "-425293000", "totalRevenue": "76313", "costOfRevenue": "425293000", "costofGoodsAndServicesSold": "425293000", "operatingIncome": "-1232000", "sellingGeneralAndAdministrative": "1308655", "researchAndDevelopment": "542383", "operatingExpenses": "1309000", "investmentIncomeNet": "None", "netInterestIncome": "None", "interestIncome": "None", "interestExpense": "113444", "nonInterestIncome": "None", "otherNonOperatingIncome": "921824", "depreciation": "None", "depreciationAndAmortization": "9432", "incomeBeforeTax": "-2268000", "incomeTaxExpense": "-923616", "interestAndDebtExpense": "None", "netIncomeFromContinuingOperations": "-197073", "comprehensiveIncomeNetOfTax": "None", "ebit": "-2154167", "ebitda": "-2144735", "netIncome": "-2231000"}, {"fiscalDateEnding": "2013-09-30", "reportedCurrency": "USD", "grossProfit": "-404849000", "totalRevenue": "644887", "costOfRevenue": "404849000", "costofGoodsAndServicesSold": "404849000", "operatingIncome": "-230000", "sellingGeneralAndAdministrative": "874683", "researchAndDevelopment": "293580", "operatingExpenses": "874683", "investmentIncomeNet": "None", "netInterestIncome": "None", "interestIncome": "None", "interestExpense": "110405", "nonInterestIncome": "None", "otherNonOperatingIncome": "3009469", "depreciation": "None", "depreciationAndAmortization": "2291", "incomeBeforeTax": "-3350000", "incomeTaxExpense": "110405", "interestAndDebtExpense": "None", "netIncomeFromContinuingOperations": "2890078", "comprehensiveIncomeNetOfTax": "None", "ebit": "-3239265", "ebitda": "-3236974", "netIncome": "-3350000"}, {"fiscalDateEnding": "2013-06-30", "reportedCurrency": "USD", "grossProfit": "-458631000", "totalRevenue": "195596", "costOfRevenue": "458631000", "costofGoodsAndServicesSold": "458631000", "operatingIncome": "-784000", "sellingGeneralAndAdministrative": "979394", "researchAndDevelopment": "338000", "operatingExpenses": "979394", "investmentIncomeNet": "None", "netInterestIncome": "None", "interestIncome": "None", "interestExpense": "106096", "nonInterestIncome": "None", "otherNonOperatingIncome": "-586396", "depreciation": "None", "depreciationAndAmortization": "2436", "incomeBeforeTax": "-303000", "incomeTaxExpense": "-14743", "interestAndDebtExpense": "None", "netIncomeFromContinuingOperations": "-1264098", "comprehensiveIncomeNetOfTax": "None", "ebit": "-197436", "ebitda": "-195000", "netIncome": "-303000"}, {"fiscalDateEnding": "2013-03-31", "reportedCurrency": "USD", "grossProfit": "404362", "totalRevenue": "404362", "costOfRevenue": "1249000", "costofGoodsAndServicesSold": "1249000", "operatingIncome": "-846932", "sellingGeneralAndAdministrative": "1251294", "researchAndDevelopment": "406000", "operatingExpenses": "1251294", "investmentIncomeNet": "None", "netInterestIncome": "None", "interestIncome": "None", "interestExpense": "14743", "nonInterestIncome": "None", "otherNonOperatingIncome": "1807461", "depreciation": "None", "depreciationAndAmortization": "2507", "incomeBeforeTax": "-2766849", "incomeTaxExpense": "0", "interestAndDebtExpense": "None", "netIncomeFromContinuingOperations": "1072046", "comprehensiveIncomeNetOfTax": "None", "ebit": "-846932", "ebitda": "-844425", "netIncome": "-2766849"}, {"fiscalDateEnding": "2012-12-31", "reportedCurrency": "USD", "grossProfit": "-507377000", "totalRevenue": "208781", "costOfRevenue": "507377000", "costofGoodsAndServicesSold": "507377000", "operatingIncome": "-937000", "sellingGeneralAndAdministrative": "1145620", "researchAndDevelopment": "371253", "operatingExpenses": "1146000", "investmentIncomeNet": "None", "netInterestIncome": "None", "interestIncome": "None", "interestExpense": "106795", "nonInterestIncome": "None", "otherNonOperatingIncome": "-1357578", "depreciation": "None", "depreciationAndAmortization": "2508", "incomeBeforeTax": "313944", "incomeTaxExpense": "106795", "interestAndDebtExpense": "None", "netIncomeFromContinuingOperations": "-2187622", "comprehensiveIncomeNetOfTax": "None", "ebit": "420739", "ebitda": "423247", "netIncome": "313944"}, {"fiscalDateEnding": "2012-09-30", "reportedCurrency": "USD", "grossProfit": "400114", "totalRevenue": "400114", "costOfRevenue": "559470000", "costofGoodsAndServicesSold": "559470000", "operatingIncome": "-800000", "sellingGeneralAndAdministrative": "1199908", "researchAndDevelopment": "360090", "operatingExpenses": "1200000", "investmentIncomeNet": "None", "netInterestIncome": "None", "interestIncome": "None", "interestExpense": "224374", "nonInterestIncome": "None", "otherNonOperatingIncome": "397156", "depreciation": "None", "depreciationAndAmortization": "2717", "incomeBeforeTax": "-1421000", "incomeTaxExpense": "621530", "interestAndDebtExpense": "None", "netIncomeFromContinuingOperations": "-178264", "comprehensiveIncomeNetOfTax": "None", "ebit": "-1196717", "ebitda": "-1194000", "netIncome": "-1421000"}, {"fiscalDateEnding": "2012-06-30", "reportedCurrency": "USD", "grossProfit": "-553878000", "totalRevenue": "216747", "costOfRevenue": "554095000", "costofGoodsAndServicesSold": "554095000", "operatingIncome": "-991000", "sellingGeneralAndAdministrative": "1208000", "researchAndDevelopment": "292000", "operatingExpenses": "1208000", "investmentIncomeNet": "None", "netInterestIncome": "None", "interestIncome": "None", "interestExpense": "688645", "nonInterestIncome": "None", "otherNonOperatingIncome": "-662667", "depreciation": "None", "depreciationAndAmortization": "2752", "incomeBeforeTax": "-1016784", "incomeTaxExpense": "25978", "interestAndDebtExpense": "None", "netIncomeFromContinuingOperations": "-964828", "comprehensiveIncomeNetOfTax": "None", "ebit": "-327752", "ebitda": "-325000", "netIncome": "-1017000"}, {"fiscalDateEnding": "2012-03-31", "reportedCurrency": "USD", "grossProfit": "-1058834000", "totalRevenue": "401546", "costOfRevenue": "1059235000", "costofGoodsAndServicesSold": "1059235000", "operatingIncome": "-858000", "sellingGeneralAndAdministrative": "1259000", "researchAndDevelopment": "224000", "operatingExpenses": "401546", "investmentIncomeNet": "None", "netInterestIncome": "None", "interestIncome": "None", "interestExpense": "1631911", "nonInterestIncome": "None", "otherNonOperatingIncome": "-2440442", "depreciation": "None", "depreciationAndAmortization": "3361", "incomeBeforeTax": "-4497000", "incomeTaxExpense": "-1357331", "interestAndDebtExpense": "None", "netIncomeFromContinuingOperations": "-4497244", "comprehensiveIncomeNetOfTax": "None", "ebit": "-857361", "ebitda": "-854000", "netIncome": "-4497000"}, {"fiscalDateEnding": "2011-12-31", "reportedCurrency": "USD", "grossProfit": "958075", "totalRevenue": "958075", "costOfRevenue": "1295000", "costofGoodsAndServicesSold": "1295000", "operatingIncome": "-341000", "sellingGeneralAndAdministrative": "1299000", "researchAndDevelopment": "536000", "operatingExpenses": "1299000", "investmentIncomeNet": "None", "netInterestIncome": "None", "interestIncome": "None", "interestExpense": "308386", "nonInterestIncome": "None", "otherNonOperatingIncome": "74996", "depreciation": "None", "depreciationAndAmortization": "4085", "incomeBeforeTax": "-574718", "incomeTaxExpense": "233390", "interestAndDebtExpense": "None", "netIncomeFromContinuingOperations": "-574718", "comprehensiveIncomeNetOfTax": "None", "ebit": "-266085", "ebitda": "-262000", "netIncome": "-575000"}, {"fiscalDateEnding": "2011-09-30", "reportedCurrency": "USD", "grossProfit": "0", "totalRevenue": "0", "costOfRevenue": "879000", "costofGoodsAndServicesSold": "879000", "operatingIncome": "-883000", "sellingGeneralAndAdministrative": "882957", "researchAndDevelopment": "127000", "operatingExpenses": "882957", "investmentIncomeNet": "None", "netInterestIncome": "None", "interestIncome": "None", "interestExpense": "121703", "nonInterestIncome": "None", "otherNonOperatingIncome": "1029706", "depreciation": "None", "depreciationAndAmortization": "4959", "incomeBeforeTax": "-453000", "incomeTaxExpense": "-429000", "interestAndDebtExpense": "None", "netIncomeFromContinuingOperations": "-453477", "comprehensiveIncomeNetOfTax": "None", "ebit": "-882959", "ebitda": "-878000", "netIncome": "-453000"}, {"fiscalDateEnding": "2011-06-30", "reportedCurrency": "USD", "grossProfit": "-549933", "totalRevenue": "-23607000", "costOfRevenue": "549933", "costofGoodsAndServicesSold": "549933", "operatingIncome": "-1032000", "sellingGeneralAndAdministrative": "1032000", "researchAndDevelopment": "201000", "operatingExpenses": "482547", "investmentIncomeNet": "None", "netInterestIncome": "None", "interestIncome": "None", "interestExpense": "1686000", "nonInterestIncome": "None", "otherNonOperatingIncome": "132493", "depreciation": "None", "depreciationAndAmortization": "4814", "incomeBeforeTax": "-851000", "incomeTaxExpense": "1553000", "interestAndDebtExpense": "None", "netIncomeFromContinuingOperations": "-2585901", "comprehensiveIncomeNetOfTax": "None", "ebit": "-1032814", "ebitda": "-1028000", "netIncome": "-2586000"}, {"fiscalDateEnding": "2011-03-31", "reportedCurrency": "USD", "grossProfit": "0", "totalRevenue": "0", "costOfRevenue": "0", "costofGoodsAndServicesSold": "0", "operatingIncome": "-938429", "sellingGeneralAndAdministrative": "938429", "researchAndDevelopment": "123000", "operatingExpenses": "938429", "investmentIncomeNet": "None", "netInterestIncome": "None", "interestIncome": "None", "interestExpense": "605105", "nonInterestIncome": "None", "otherNonOperatingIncome": "None", "depreciation": "None", "depreciationAndAmortization": "4801", "incomeBeforeTax": "2394000", "incomeTaxExpense": "0", "interestAndDebtExpense": "None", "netIncomeFromContinuingOperations": "0", "comprehensiveIncomeNetOfTax": "None", "ebit": "-938429", "ebitda": "-933628", "netIncome": "2393694"}, {"fiscalDateEnding": "2010-12-31", "reportedCurrency": "USD", "grossProfit": "-534747", "totalRevenue": "0", "costOfRevenue": "534747", "costofGoodsAndServicesSold": "534747", "operatingIncome": "-1047000", "sellingGeneralAndAdministrative": "1047000", "researchAndDevelopment": "127000", "operatingExpenses": "511954", "investmentIncomeNet": "None", "netInterestIncome": "None", "interestIncome": "None", "interestExpense": "594128", "nonInterestIncome": "None", "otherNonOperatingIncome": "None", "depreciation": "None", "depreciationAndAmortization": "4918", "incomeBeforeTax": "-1868171", "incomeTaxExpense": "821470", "interestAndDebtExpense": "None", "netIncomeFromContinuingOperations": "0", "comprehensiveIncomeNetOfTax": "None", "ebit": "-1046918", "ebitda": "-1042000", "netIncome": "-1868000"}, {"fiscalDateEnding": "2010-09-30", "reportedCurrency": "USD", "grossProfit": "-933475", "totalRevenue": "0", "costOfRevenue": "933475", "costofGoodsAndServicesSold": "933475", "operatingIncome": "-1410000", "sellingGeneralAndAdministrative": "1410000", "researchAndDevelopment": "100000", "operatingExpenses": "476204", "investmentIncomeNet": "None", "netInterestIncome": "None", "interestIncome": "None", "interestExpense": "2166000", "nonInterestIncome": "None", "otherNonOperatingIncome": "None", "depreciation": "None", "depreciationAndAmortization": "4709", "incomeBeforeTax": "-2741693", "incomeTaxExpense": "1332000", "interestAndDebtExpense": "None", "netIncomeFromContinuingOperations": "0", "comprehensiveIncomeNetOfTax": "None", "ebit": "-1409709", "ebitda": "-1405000", "netIncome": "-2742000"}, {"fiscalDateEnding": "2010-06-30", "reportedCurrency": "USD", "grossProfit": "-882603", "totalRevenue": "0", "costOfRevenue": "882603", "costofGoodsAndServicesSold": "882603", "operatingIncome": "-1162000", "sellingGeneralAndAdministrative": "1162000", "researchAndDevelopment": "90000", "operatingExpenses": "279704", "investmentIncomeNet": "None", "netInterestIncome": "None", "interestIncome": "None", "interestExpense": "586167", "nonInterestIncome": "None", "otherNonOperatingIncome": "None", "depreciation": "None", "depreciationAndAmortization": "4674", "incomeBeforeTax": "-3495265", "incomeTaxExpense": "2333000", "interestAndDebtExpense": "None", "netIncomeFromContinuingOperations": "0", "comprehensiveIncomeNetOfTax": "None", "ebit": "-1162674", "ebitda": "-1158000", "netIncome": "-3495000"}, {"fiscalDateEnding": "2010-03-31", "reportedCurrency": "USD", "grossProfit": "0", "totalRevenue": "0", "costOfRevenue": "0", "costofGoodsAndServicesSold": "0", "operatingIncome": "-658714", "sellingGeneralAndAdministrative": "658714", "researchAndDevelopment": "136000", "operatingExpenses": "658714", "investmentIncomeNet": "None", "netInterestIncome": "None", "interestIncome": "None", "interestExpense": "378819", "nonInterestIncome": "None", "otherNonOperatingIncome": "None", "depreciation": "None", "depreciationAndAmortization": "4085", "incomeBeforeTax": "0", "incomeTaxExpense": "0", "interestAndDebtExpense": "None", "netIncomeFromContinuingOperations": "0", "comprehensiveIncomeNetOfTax": "None", "ebit": "-658714", "ebitda": "-654629", "netIncome": "-1365997"}, {"fiscalDateEnding": "2009-12-31", "reportedCurrency": "USD", "grossProfit": "-429509", "totalRevenue": "0", "costOfRevenue": "429509", "costofGoodsAndServicesSold": "429509", "operatingIncome": "-716000", "sellingGeneralAndAdministrative": "429509", "researchAndDevelopment": "156000", "operatingExpenses": "429509", "investmentIncomeNet": "None", "netInterestIncome": "None", "interestIncome": "None", "interestExpense": "692770", "nonInterestIncome": "None", "otherNonOperatingIncome": "None", "depreciation": "None", "depreciationAndAmortization": "3454", "incomeBeforeTax": "-1485878", "incomeTaxExpense": "734910", "interestAndDebtExpense": "None", "netIncomeFromContinuingOperations": "0", "comprehensiveIncomeNetOfTax": "None", "ebit": "-716454", "ebitda": "-713000", "netIncome": "-1486000"}, {"fiscalDateEnding": "2009-09-30", "reportedCurrency": "USD", "grossProfit": "0", "totalRevenue": "0", "costOfRevenue": "0", "costofGoodsAndServicesSold": "0", "operatingIncome": "-798000", "sellingGeneralAndAdministrative": "797877", "researchAndDevelopment": "169000", "operatingExpenses": "797877", "investmentIncomeNet": "None", "netInterestIncome": "None", "interestIncome": "None", "interestExpense": "176055", "nonInterestIncome": "None", "otherNonOperatingIncome": "None", "depreciation": "None", "depreciationAndAmortization": "2971", "incomeBeforeTax": "-550000", "incomeTaxExpense": "-107168", "interestAndDebtExpense": "None", "netIncomeFromContinuingOperations": "0", "comprehensiveIncomeNetOfTax": "None", "ebit": "-797971", "ebitda": "-795000", "netIncome": "-726000"}, {"fiscalDateEnding": "2009-06-30", "reportedCurrency": "USD", "grossProfit": "0", "totalRevenue": "0", "costOfRevenue": "0", "costofGoodsAndServicesSold": "0", "operatingIncome": "-642000", "sellingGeneralAndAdministrative": "641955", "researchAndDevelopment": "77000", "operatingExpenses": "641955", "investmentIncomeNet": "None", "netInterestIncome": "None", "interestIncome": "None", "interestExpense": "316657", "nonInterestIncome": "None", "otherNonOperatingIncome": "None", "depreciation": "None", "depreciationAndAmortization": "3143", "incomeBeforeTax": "-679000", "incomeTaxExpense": "353984", "interestAndDebtExpense": "None", "netIncomeFromContinuingOperations": "0", "comprehensiveIncomeNetOfTax": "None", "ebit": "-642143", "ebitda": "-639000", "netIncome": "-996000"}, {"fiscalDateEnding": "2009-03-31", "reportedCurrency": "USD", "grossProfit": "0", "totalRevenue": "0", "costOfRevenue": "0", "costofGoodsAndServicesSold": "0", "operatingIncome": "-699567", "sellingGeneralAndAdministrative": "444399", "researchAndDevelopment": "123000", "operatingExpenses": "699567", "investmentIncomeNet": "None", "netInterestIncome": "None", "interestIncome": "None", "interestExpense": "295009", "nonInterestIncome": "None", "otherNonOperatingIncome": "None", "depreciation": "None", "depreciationAndAmortization": "1520879", "incomeBeforeTax": "0", "incomeTaxExpense": "0", "interestAndDebtExpense": "None", "netIncomeFromContinuingOperations": "0", "comprehensiveIncomeNetOfTax": "None", "ebit": "-632960", "ebitda": "887919", "netIncome": "-927969"}, {"fiscalDateEnding": "2008-12-31", "reportedCurrency": "USD", "grossProfit": "0", "totalRevenue": "0", "costOfRevenue": "0", "costofGoodsAndServicesSold": "0", "operatingIncome": "-867000", "sellingGeneralAndAdministrative": "716347", "researchAndDevelopment": "143000", "operatingExpenses": "867369", "investmentIncomeNet": "None", "netInterestIncome": "None", "interestIncome": "None", "interestExpense": "363964", "nonInterestIncome": "None", "otherNonOperatingIncome": "None", "depreciation": "None", "depreciationAndAmortization": "-946000", "incomeBeforeTax": "-1981000", "incomeTaxExpense": "1477442", "interestAndDebtExpense": "None", "netIncomeFromContinuingOperations": "0", "comprehensiveIncomeNetOfTax": "None", "ebit": "78631", "ebitda": "-867369", "netIncome": "-2345000"}, {"fiscalDateEnding": "2008-09-30", "reportedCurrency": "USD", "grossProfit": "0", "totalRevenue": "0", "costOfRevenue": "0", "costofGoodsAndServicesSold": "0", "operatingIncome": "-733000", "sellingGeneralAndAdministrative": "732659", "researchAndDevelopment": "217000", "operatingExpenses": "732659", "investmentIncomeNet": "None", "netInterestIncome": "None", "interestIncome": "None", "interestExpense": "551000", "nonInterestIncome": "None", "otherNonOperatingIncome": "None", "depreciation": "None", "depreciationAndAmortization": "452000", "incomeBeforeTax": "-1264000", "incomeTaxExpense": "1080000", "interestAndDebtExpense": "None", "netIncomeFromContinuingOperations": "0", "comprehensiveIncomeNetOfTax": "None", "ebit": "-733000", "ebitda": "-281000", "netIncome": "-1813000"}, {"fiscalDateEnding": "2008-06-30", "reportedCurrency": "USD", "grossProfit": "0", "totalRevenue": "0", "costOfRevenue": "0", "costofGoodsAndServicesSold": "0", "operatingIncome": "-624000", "sellingGeneralAndAdministrative": "623659", "researchAndDevelopment": "163000", "operatingExpenses": "623659", "investmentIncomeNet": "None", "netInterestIncome": "None", "interestIncome": "None", "interestExpense": "563000", "nonInterestIncome": "None", "otherNonOperatingIncome": "None", "depreciation": "None", "depreciationAndAmortization": "506172", "incomeBeforeTax": "-436000", "incomeTaxExpense": "375156", "interestAndDebtExpense": "None", "netIncomeFromContinuingOperations": "0", "comprehensiveIncomeNetOfTax": "None", "ebit": "-623659", "ebitda": "-117487", "netIncome": "-999000"}, {"fiscalDateEnding": "2008-03-31", "reportedCurrency": "USD", "grossProfit": "0", "totalRevenue": "0", "costOfRevenue": "0", "costofGoodsAndServicesSold": "0", "operatingIncome": "-804312", "sellingGeneralAndAdministrative": "804312", "researchAndDevelopment": "205000", "operatingExpenses": "804312", "investmentIncomeNet": "None", "netInterestIncome": "None", "interestIncome": "None", "interestExpense": "241000", "nonInterestIncome": "None", "otherNonOperatingIncome": "None", "depreciation": "None", "depreciationAndAmortization": "785222", "incomeBeforeTax": "0", "incomeTaxExpense": "0", "interestAndDebtExpense": "None", "netIncomeFromContinuingOperations": "0", "comprehensiveIncomeNetOfTax": "None", "ebit": "-745930", "ebitda": "39292", "netIncome": "-745930"}, {"fiscalDateEnding": "2007-12-31", "reportedCurrency": "USD", "grossProfit": "0", "totalRevenue": "0", "costOfRevenue": "0", "costofGoodsAndServicesSold": "0", "operatingIncome": "-527000", "sellingGeneralAndAdministrative": "526975", "researchAndDevelopment": "153000", "operatingExpenses": "526975", "investmentIncomeNet": "None", "netInterestIncome": "None", "interestIncome": "None", "interestExpense": "952000", "nonInterestIncome": "None", "otherNonOperatingIncome": "None", "depreciation": "None", "depreciationAndAmortization": "411565", "incomeBeforeTax": "-1651000", "incomeTaxExpense": "2076000", "interestAndDebtExpense": "None", "netIncomeFromContinuingOperations": "0", "comprehensiveIncomeNetOfTax": "None", "ebit": "-526565", "ebitda": "-115000", "netIncome": "-2603000"}, {"fiscalDateEnding": "2007-09-30", "reportedCurrency": "USD", "grossProfit": "0", "totalRevenue": "0", "costOfRevenue": "0", "costofGoodsAndServicesSold": "0", "operatingIncome": "-690000", "sellingGeneralAndAdministrative": "690028", "researchAndDevelopment": "212000", "operatingExpenses": "690028", "investmentIncomeNet": "None", "netInterestIncome": "None", "interestIncome": "None", "interestExpense": "75000", "nonInterestIncome": "None", "otherNonOperatingIncome": "None", "depreciation": "None", "depreciationAndAmortization": "13147", "incomeBeforeTax": "180000", "incomeTaxExpense": "434618", "interestAndDebtExpense": "None", "netIncomeFromContinuingOperations": "0", "comprehensiveIncomeNetOfTax": "None", "ebit": "-690147", "ebitda": "-677000", "netIncome": "-255000"}, {"fiscalDateEnding": "2007-06-30", "reportedCurrency": "USD", "grossProfit": "0", "totalRevenue": "0", "costOfRevenue": "0", "costofGoodsAndServicesSold": "0", "operatingIncome": "-871000", "sellingGeneralAndAdministrative": "871273", "researchAndDevelopment": "227000", "operatingExpenses": "871273", "investmentIncomeNet": "None", "netInterestIncome": "None", "interestIncome": "None", "interestExpense": "51000", "nonInterestIncome": "None", "otherNonOperatingIncome": "None", "depreciation": "None", "depreciationAndAmortization": "7479", "incomeBeforeTax": "-486000", "incomeTaxExpense": "-334618", "interestAndDebtExpense": "None", "netIncomeFromContinuingOperations": "0", "comprehensiveIncomeNetOfTax": "None", "ebit": "-871479", "ebitda": "-864000", "netIncome": "-536000"}, {"fiscalDateEnding": "2007-03-31", "reportedCurrency": "USD", "grossProfit": "0", "totalRevenue": "0", "costOfRevenue": "0", "costofGoodsAndServicesSold": "0", "operatingIncome": "-579827", "sellingGeneralAndAdministrative": "579827", "researchAndDevelopment": "366000", "operatingExpenses": "579827", "investmentIncomeNet": "None", "netInterestIncome": "None", "interestIncome": "None", "interestExpense": "107000", "nonInterestIncome": "None", "otherNonOperatingIncome": "None", "depreciation": "None", "depreciationAndAmortization": "51422", "incomeBeforeTax": "0", "incomeTaxExpense": "0", "interestAndDebtExpense": "None", "netIncomeFromContinuingOperations": "0", "comprehensiveIncomeNetOfTax": "None", "ebit": "-579827", "ebitda": "-528405", "netIncome": "-4236976"}, {"fiscalDateEnding": "2006-12-31", "reportedCurrency": "USD", "grossProfit": "0", "totalRevenue": "0", "costOfRevenue": "0", "costofGoodsAndServicesSold": "0", "operatingIncome": "-465000", "sellingGeneralAndAdministrative": "464994", "researchAndDevelopment": "144000", "operatingExpenses": "464994", "investmentIncomeNet": "None", "netInterestIncome": "None", "interestIncome": "None", "interestExpense": "76000", "nonInterestIncome": "None", "otherNonOperatingIncome": "None", "depreciation": "None", "depreciationAndAmortization": "46173", "incomeBeforeTax": "0", "incomeTaxExpense": "75765", "interestAndDebtExpense": "None", "netIncomeFromContinuingOperations": "0", "comprehensiveIncomeNetOfTax": "None", "ebit": "-465173", "ebitda": "-419000", "netIncome": "-541000"}, {"fiscalDateEnding": "2006-09-30", "reportedCurrency": "USD", "grossProfit": "0", "totalRevenue": "0", "costOfRevenue": "0", "costofGoodsAndServicesSold": "0", "operatingIncome": "-535000", "sellingGeneralAndAdministrative": "534940", "researchAndDevelopment": "6000", "operatingExpenses": "534940", "investmentIncomeNet": "None", "netInterestIncome": "None", "interestIncome": "None", "interestExpense": "92000", "nonInterestIncome": "None", "otherNonOperatingIncome": "None", "depreciation": "None", "depreciationAndAmortization": "62947", "incomeBeforeTax": "0", "incomeTaxExpense": "92714", "interestAndDebtExpense": "None", "netIncomeFromContinuingOperations": "0", "comprehensiveIncomeNetOfTax": "None", "ebit": "-534947", "ebitda": "-472000", "netIncome": "-628000"}, {"fiscalDateEnding": "2006-06-30", "reportedCurrency": "USD", "grossProfit": "0", "totalRevenue": "0", "costOfRevenue": "0", "costofGoodsAndServicesSold": "0", "operatingIncome": "-502000", "sellingGeneralAndAdministrative": "501832", "researchAndDevelopment": "158000", "operatingExpenses": "501832", "investmentIncomeNet": "None", "netInterestIncome": "None", "interestIncome": "None", "interestExpense": "115000", "nonInterestIncome": "None", "otherNonOperatingIncome": "None", "depreciation": "None", "depreciationAndAmortization": "85537", "incomeBeforeTax": "-504000", "incomeTaxExpense": "114521", "interestAndDebtExpense": "None", "netIncomeFromContinuingOperations": "0", "comprehensiveIncomeNetOfTax": "None", "ebit": "-501537", "ebitda": "-416000", "netIncome": "-619000"}, {"fiscalDateEnding": "2006-03-31", "reportedCurrency": "USD", "grossProfit": "0", "totalRevenue": "0", "costOfRevenue": "0", "costofGoodsAndServicesSold": "0", "operatingIncome": "-311000", "sellingGeneralAndAdministrative": "229748", "researchAndDevelopment": "119000", "operatingExpenses": "311470", "investmentIncomeNet": "None", "netInterestIncome": "None", "interestIncome": "None", "interestExpense": "168000", "nonInterestIncome": "None", "otherNonOperatingIncome": "None", "depreciation": "None", "depreciationAndAmortization": "90724", "incomeBeforeTax": "-764000", "incomeTaxExpense": "539015", "interestAndDebtExpense": "None", "netIncomeFromContinuingOperations": "0", "comprehensiveIncomeNetOfTax": "None", "ebit": "-311724", "ebitda": "-221000", "netIncome": "-850000"}, {"fiscalDateEnding": "2005-12-31", "reportedCurrency": "USD", "grossProfit": "0", "totalRevenue": "0", "costOfRevenue": "0", "costofGoodsAndServicesSold": "0", "operatingIncome": "-494000", "sellingGeneralAndAdministrative": "494014", "researchAndDevelopment": "157000", "operatingExpenses": "494014", "investmentIncomeNet": "None", "netInterestIncome": "None", "interestIncome": "None", "interestExpense": "100000", "nonInterestIncome": "None", "otherNonOperatingIncome": "None", "depreciation": "None", "depreciationAndAmortization": "70580", "incomeBeforeTax": "0", "incomeTaxExpense": "100361", "interestAndDebtExpense": "None", "netIncomeFromContinuingOperations": "0", "comprehensiveIncomeNetOfTax": "None", "ebit": "-493580", "ebitda": "-423000", "netIncome": "-594000"}]}